1872 3141
1569 96 1615 128 ‚31

78 194 347 235 oblongo—evall,
374 194 543 238 fructifera
569 196 646 228 laxe
671 197 859 236 augustata,
887 196 982 235 apice
1007 198 1161 239 nutante,
1185 198 1324 239 spiculis
1339 198 1670 240 oblongolanceola·

76 251 129 289 tis,
166 249 451 291 subcompressis,
489 251 616 292 opacis,
654 250 800 282 tlosculis
836 249 1023 282 imbricatis
1047 252 1386 293 subpersisteutibus3
1410 254 1509 295 palea
1533 256 1673 287 interio—

79 312 116 335 re
153 305 355 336 exteriorem
394 313 499 346 supra
523 306 672 338 medium
698 306 731 337 in
756 304 918 345 angulum
943 304 1104 337 obtusum
1130 306 1303 338 dilatatam
1325 309 1421 349 apice
1445 309 1578 351 longius
1604 311 1671 342 ari-

75 360 202 392 statam
228 368 293 392 non
319 361 488 401 aequante,
512 359 598 392 soliis
624 360 821 400 vaginisque
844 358 951 399 hirtis,
977 359 1090 391 culmo
1116 361 1234 401 rigido.

124 423 230 468 Syn.
268 427 328 458 Fr.
354 426 375 457 l.
402 436 428 456 c.
455 426 522 456 Hn.
547 425 587 457 ed
613 427 708 457 4—5.
737 442 772 446 —-
801 425 963 457 Hornem.
990 423 1062 466 (ΒΓ.
1088 430 1326 459 commutatus
1350 426 1510 468 Schrad.)
1535 443 1566 473 p.
1595 432 1670 470 1233

170 472 290 513 Lange
315 468 386 509 (ΒΓ.
412 467 554 510 comm.)
580 479 612 500 n.
639 468 711 501 168.
737 487 778 491 ——

122 514 215 557 Fig.
244 514 357 546 Reieh.
384 514 406 545 f.
433 513 526 546 1589.
552 511 593 544 D.
620 513 653 544 fl.
679 512 701 544 s.
728 513 800 546 347.
827 531 869 536 -
894 512 978 545 Tab.
1005 525 1037 545 n.
1063 512 1119 546 III.
1147 526 1179 546 n.
1206 515 1256 548 37.

120 559 309 591 Exsicc.
335 557 375 592 H.
401 556 445 589 N.
472 556 531 588 Vl.
556 557 607 590 89.

120 624 226 658 Hab.
251 624 334 657 locis
359 624 532 665 praecipue
557 624 659 656 aridis
683 624 893 664 elevatisque
917 625 951 656 in
976 625 1134 658 omnibus
1159 627 1290 658 Danioe
1314 627 1510 668 regionibus
1525 630 1666 670 passim,

75 671 106 701 in
143 670 266 702 Suecia
307 668 529 707 meridionali,
556 669 592 699 ut
613 669 647 700 in
672 666 803 709 Soania,
829 667 1015 710 Hallandia,
1042 669 1280 711 Vestrogothia
1305 672 1348 704 ad
1373 671 1556 713 Degeberg
1579 674 1613 705 et
1636 675 1668 706 in

75 721 202 764 aggere
227 713 373 790 ssussiinis
397 711 605 789 Uptsfilhemis
631 712 758 754 (forma
782 712 957 754 simplex).
983 731 1026 736 —-
1049 713 1250 747 Distributio
1274 716 1401 757 speciei
1427 725 1488 757 per
1511 718 1669 758 regiones

75 766 202 791 vicinas
226 766 269 790 no
298 766 324 789 is
348 765 441 789 incer
457 776 486 790 ‹.

165 821 354 865 Cacspitose
388 822 524 855 crescit.
570 822 691 855 Radix
727 828 850 855 exacte
887 822 1036 856 biennis.
1085 824 1225 856 Culmus
1259 825 1491 868 1—-2pedalis‚
1522 826 1667 870 rigidus,

80 866 197 900 valide
221 867 373 900 striatus.
421 868 524 898 Folia
563 867 718 910 margine
744 872 779 899 et
801 878 902 909 supra
931 867 1012 910 pilis
1037 867 1176 900 seriatis
1202 868 1335 907 ciliata,
1360 871 1571 909 acutissima,
1597 873 1668 913 pri·

79 924 134 944 mo
158 910 292 949 stricta,
319 920 456 952 semper
481 910 610 951 rigida,
645 911 791 942 obscure
819 911 961 949 vii-mim
989 911 1118 953 vaginas
1143 913 1295 951 sulcatae,
1321 915 1399 946 imae
1423 915 1668 947 coerulescen-

78 961 137 993 tes,
165 954 244 998 pilis
272 953 466 986 recurvatis
505 954 558 985 vel
588 954 869 988 liorizontalibus
895 956 1001 987 dense
1028 956 1139 994 hirtze,
1163 968 1305 988 summa:
1328 958 1597 1000 glabresceutes;
1624 959 1667 992 li—

77 1000 155 1041 gula
195 1010 309 1040 parva,
346 1002 459 1030 ovata.
505 999 679 1030 Pana-ula
712 998 828 1041 primo
862 999 978 1035 effusa,
1005 1001 1146 1032 deinum
1174 1001 1430 1043 subaugustata,
1457 1002 1668 1041 lanceolata,

79 1044 263 1076 tructifera
290 1043 388 1086 apice
415 1048 552 1080 nutanS,
577 1054 647 1075 non
675 1053 754 1074 raro
779 1044 1010 1084 subsecun‹la;
1043 1045 1130 1076 rami
1158 1044 1347 1077 inferiores
1372 1045 1472 1088 quini
1499 1045 1667 1078 semiver-

76 1087 236 1125 ticillati,
271 1086 471 1130 inaequales,
508 1086 630 1129 saepius
655 1087 844 1130 simplices,
868 1087 1066 1129 superiores
1091 1089 1222 1131 spicula
1250 1088 1436 1123 breviores.
1484 1091 1625 1133 Spicula
1650 1103 1668 1124 e

76 1131 148 1164 basi
185 1130 372 1164 sublatiori
408 1129 536 1163 sensim
575 1136 726 1167 acutata,
757 1133 877 1164 scabre
903 1138 1082 1175 punctura,
1106 1132 1316 1171 9--11ss0r33
1341 1135 1473 1177 glumoe
1497 1135 1667 1178 spiculam

78 1174 265 1209 dimidiam
304 1179 492 1220 aequantes,
523 1174 642 1208 carina
666 1175 805 1213 scabrae‚
833 1176 902 1207 late
926 1178 1053 1215 ovales,
1077 1177 1323 1209 obtusiusculae
1349 1180 1402 1210 vel
1430 1180 1667 1211 minutissime

79 1220 344 1259 mucronulatae3
369 1219 520 1262 flosculi
540 1230 678 1260 semper
703 1220 896 1257 imbricati,
924 1220 1124 1258 lanceolati‚
1150 1220 1286 1254 diutius
1311 1222 1668 1267 pei·sistentes;pc1lea

75 1265 234 1296 exterior
259 1274 276 1294 e
304 1264 373 1295 basi
410 1265 535 1296 sensim
574 1263 734 1303 dilatata,
758 1274 858 1305 supra
888 1265 1044 1296 medium
1070 1265 1289 1307 angulariter
1315 1268 1352 1299 in
1378 1269 1514 1308 apicem
1543 1273 1667 1300 rotun-

77 1309 198 1341 (latum
237 1308 496 1350 emarginatum
534 1307 734 1345 constricta,
772 1307 932 1349 margine
966 1309 1036 1341 late
1061 1309 1216 1352 hyalffla,
1241 1310 1341 1343 dorso
1366 1322 1535 1349 convexa,
1562 1312 1665 1343 5-7-

75 1363 235 1390 nervosa,
270 1352 373 1383 arista
411 1352 473 1383 sub
508 1351 608 1392 apice
645 1351 774 1383 inserta
814 1357 907 1384 recta
947 1353 1080 1394 paleam
1120 1353 1309 1385 dimidiam
1348 1354 1467 1396 saepius
1497 1361 1666 1398 aequante;

69 1397 175 1439 palea
199 1397 354 1428 interior
379 1394 556 1428 exteriore
582 1395 688 1428 tertia
713 1400 811 1439 parte
841 1395 993 1436 brevior;
1019 1399 1175 1429 antherae
1201 1397 1395 1430 latitudine
1419 1397 1530 1431 sexies
1552 1400 1666 1443 longi-

79 1451 163 1473 ores.

163 1503 354 1548 Quomodo
394 1505 484 1537 hanc
508 1504 661 1549 speciem
688 1511 721 1538 et
748 1506 1001 1548 praecedentem
1029 1511 1189 1539 auctores
1213 1507 1346 1540 diversi
1371 1511 1667 1542 commutaverint

75 1549 274 1594 quibusque
296 1549 400 1591 'notis
426 1548 573 1582 diversae
606 1551 774 1583 habendae
798 1552 882 1588 sint,
911 1552 978 1592 jam
1004 1562 1104 1593 supra
1130 1550 1322 1583 attulimus.
1346 1569 1390 1575 ——
1414 1553 1575 1585 Plantam
1602 1565 1666 1585 no-

76 1601 184 1627 stram
222 1594 371 1626 eandem
409 1603 447 1624 ac
471 1595 533 1626 ΒΓ.
555 1603 756 1638 pratensenz
782 1593 893 1627 Ehrh.
920 1605 990 1627 esse
1014 1596 1190 1636 superflue
1214 1596 1472 1629 demonstravit
1497 1597 1620 1629 Fries
1647 1599 1668 1629 Ι.

75 1652 103 1672 c.
150 1640 211 1671 ΒΡ.
237 1645 478 1674 commutatus,
503 1639 697 1670 secundum
722 1639 916 1682 specimina
943 1651 1018 1681 quae
1043 1640 1246 1671 authentica
1273 1652 1380 1683 quum
1407 1638 1666 1674 Selii-aderiana

76 1689 152 1716 tum
187 1681 371 1714 Kochiana
410 1682 561 1723 plurima
593 1682 756 1719 vidimus,
784 1693 912 1714 nomen
940 1688 991 1714 est
1015 1683 1244 1715 collectivum
1272 1688 1403 1718 formas
1429 1697 1499 1717 non
1528 1690 1666 1718 tantum

73 1729 133 1760 ΒΓ.
160 1728 332 1759 racemosl'
353 1730 388 1757 et
408 1727 588 1769 pratensis
612 1728 671 1758 sed
697 1727 805 1759 etiam
825 1728 944 1769 patuli
966 1725 1061 1759 M.K.
1088 1727 1286 1771 respiciens.
1312 1727 1405 1771 (Cfr.
1428 1728 1577 1772 Meyer
1590 1729 1670 1764 Chi.

75 1770 236 1803 Hannov.
270 1782 343 1813 pag.
374 1769 442 1801 616
473 1775 507 1802 et
532 1770 584 1802 Fi.
611 1781 682 1805 exc.
708 1770 870 1804 Hannov.
896 1783 969 1813 pag.
993 1770 1070 1811 6643
1096 1771 1169 1814 Fig.
1193 1771 1278 1806 Host
1302 1785 1409 1817 gram.
1437 1778 1458 1806 t.
1486 1776 1538 1813 1¹,
1563 1787 1667 1818 quam

74 1813 253 1847 Schrader
287 1816 330 1845 ad
355 1812 410 1845 ΒΓ.
434 1826 534 1846 suum
560 1819 819 1847 commutatum
845 1818 967 1853 referi,
992 1826 1058 1848 see.
1085 1815 1184 1849 Koch
1209 1815 1264 1849 ΒΓ.
1290 1818 1452 1859 patulum
1480 1829 1667 1860 repraesen-

77 1860 150 1899 iau)
198 1858 298 1891 Hanc
331 1857 454 1901 itaque
489 1859 817 1892 denominationem
856 1865 974 1904 utpote
1012 1871 1132 1902 vagam
1168 1864 1203 1892 et
1235 1861 1358 1893 falsam
1389 1861 1444 1894 illi
1471 1862 1666 1906 antiquiori

77 1902 310 1942 Erhartianae,
333 1901 547 1935 auctoritate
571 1902 734 1935 Friesii
762 1903 883 1942 nostri,
907 1905 1169 1947 postposuimus,

165 1971 313 2002 Bromus
336 1969 484 2012 simplex
509 1966 624 2002 Gaud.
649 1978 714 2000 see.
740 1969 947 2011 specimina,
971 1981 1045 2012 quae
1061 1969 1164 2002 dedit
1177 1970 1217 2002 el.
1240 1969 1328 2013 Gay
1343 1970 1557 2014 (discipulus
1571 1970 1668 2004 Gau-

76 2014 153 2046 dini
179 2012 473 2055 celeberrimusl),
498 2024 513 2044 a
541 2017 656 2045 nostra
683 2014 816 2054 planta,
841 2014 948 2046 etiam
976 2017 1087 2047 soi-ma
1116 2013 1322 2053 multiflora,
1347 2027 1420 2047 non
1448 2028 1569 2058 parum
1597 2017 1668 2048 dif-

77 2059 159 2095 fert,
197 2070 241 2090 sc.
274 2056 436 2099 panicula
467 2055 522 2090 ΒΓ.
547 2057 695 2090 secalini
721 2058 833 2090 instar
857 2059 960 2090 valde
986 2059 1104 2096 effusa,
1130 2058 1273 2101 spiculis
1298 2060 1368 2092 late
1393 2061 1516 2099 ovatis,
1542 2059 1669 2092 acutis-

74 2102 180 2140 simis,
206 2103 303 2144 palea
330 2103 507 2134 exteriore
532 2101 670 2143 apicem
697 2112 817 2133 versus
842 2103 1025 2135 evidenter
1051 2108 1246 2140 attenuata,
1273 2105 1330 2135 vix
1356 2104 1584 2145 obtusangula
1604 2115 1667 2135 nec

75 2146 220 2178 omnino
247 2145 405 2187 margine
429 2147 628 2178 rotundato.
654 2144 858 2189 Specimina
885 2153 1077 2180 memorata
1106 2146 1148 2179 iis
1170 2149 1230 2179 Br.
1245 2146 1559 2180 commutati>801nx
1575 2148 1668 2189 opti-

79 2190 143 2223 mis
167 2190 350 2222 simillima
377 2190 469 2222 dixit
493 2188 594 2232 Gay.

165 2259 227 2289 ΒΓ.
258 2257 439 2299 pratensis
475 2261 592 2288 noster
628 2257 689 2299 qui
715 2256 751 2290 in
776 2255 970 2289 Germania
999 2263 1034 2289 et
1059 2256 1259 2300 regionibus
1283 2256 1580 2290 meri‹lionalibus
1605 2259 1666 2290 ad-

78 2301 222 2334 modum
259 2312 358 2333 rai·us
393 2300 545 2338 videtur,
583 2300 740 2333 medium
767 2306 865 2334 tenet
889 2302 984 2333 inter
1009 2303 1067 2333 ΒΓ.
1093 2313 1278 2333 arzrensem
1303 2306 1335 2332 et
1361 2303 1560 2334 secalz'num.
1610 2302 1668 2334 Ab

76 2346 140 2378 illo
177 2345 273 2387 palea
312 2344 475 2376 interiori
504 2343 672 2383 breviori,
701 2347 743 2376 ab
770 2345 835 2376 hoc
861 2347 959 2386 palea
985 2346 1154 2377 exteriori
1181 2345 1332 2387 longiori
1358 2351 1496 2378 acutata
1524 2347 1666 2379 aristata

76 2387 139 2421 ὅτε.
165 2389 307 2421 abunde
334 2387 463 2419 differt.
491 2387 522 2419 A
547 2390 606 2420 ΒΓ.
631 2390 732 2421 molli
751 2389 981 2434 &sufferat-hya,
1006 2388 1059 2421 cui
1088 2390 1246 2422 omnium
1275 2390 1390 2422 forsan
1418 2389 1570 2423 maxime
1596 2390 1668 2422 affi-

78 2434 142 2473 nis,
167 2431 381 2466 difficillime
407 2431 652 2472 distinguitur.

163 2500 230 2527 *f*
254 2499 424 2531 Panicula
449 2499 559 2529 ramis
583 2500 716 2531 strictis
740 2507 939 2539 coarctata‚·
959 2501 1062 2544 palea
1089 2501 1240 2532 interior
1264 2501 1442 2532 exteriore
1461 2501 1612 2533 hre²1101·.
1628 2519 1670 2523 -—-

79 2555 255 2586 Ver-noles.

164 2621 195 2653 ὃ.
245 2619 310 2651 Bu.
346 2625 506 2650 MOLLIS
543 2619 596 2662 (L.
632 2629 683 2662 sp.
720 2620 813 2662 ΜΞ)
849 2621 1006 2662 panicula
1041 2622 1152 2662 ovata,
1186 2620 1359 2653 fructifera
1394 2624 1486 2654 arete
1523 2623 1660 2653 contra-

79 2676 145 2716 eta,
175 2675 305 2716 stricta,
341 2675 480 2715 spiculis
516 2676 584 2707 late
620 2676 880 2717 ovato-conicis,
905 2675 1190 2718 subeompressis,
1216 2676 1344 2708 villosis
1369 2675 1416 2716 (v.
1441 2676 1664 2717 glabreseen-

79 2730 198 2771 tibus)·,
224 2729 373 2764 flosculis
397 2729 503 2762 dense
527 2729 725 2771 imbricatis,
752 2731 945 2764 maturitate
969 2739 1050 2763 mox
1076 2731 1241 2773 deciduis3
1267 2731 1365 2772 palea
1391 2731 1565 2772 superiore
1581 2730 1666 2762 infe-
