1872 3141
303 102 351 133 7⁴

336 203 416 235 Olis.
445 206 471 234 Ι1.
500 204 621 235 Airam
648 210 846 235 montanam
870 202 1011 244 Liunael,
1037 203 1081 236 Fl.
1109 204 1196 244 lapp.
1224 213 1255 235 u.
1283 204 1334 245 49,
1363 204 1398 235 Α.
1426 204 1612 236 botuncam
1637 213 1714 236 esse
1739 213 1820 237 con—

247 247 354 280 tendit
377 246 422 278 ill.
448 244 749 288 Wahlenberg,
776 246 870 287 quoti
895 248 1009 280 vetant
1033 247 1182 289 ”calyces
1207 247 1303 290 fusci,
1329 249 1521 288 praesertim
1546 248 1589 280 ad
1612 247 1712 280 basin
1725 251 1820 281 atro-

247 291 421 332 rubentcs,
447 298 524 322 cum
548 289 771 322 antecedente
797 290 849 331 (A.
876 291 1043 333 flexuosa)
1067 290 1330 332 vulgatissima&
1362 293 1402 323 A.
1427 292 1582 325 bottnica
1596 290 1734 325 Linnaeo
1749 301 1824 326 om-

245 336 326 367 nino
361 335 533 375 incognita
558 333 627 376 ruit,
654 333 702 365 ’'in
727 334 887 368 herbario
911 335 1094 369 Linnaeano
1120 336 1210 368 nulla
1234 335 1345 367 forma
1369 337 1434 377 est,
1460 344 1537 378 quae
1562 336 1605 369 ad
1628 335 1667 368 A.
1691 336 1822 368 bottni-

246 388 322 412 cam
358 379 459 420 ng.
494 377 611 411 referri
645 377 771 420 possit²⁷
795 378 874 420 (ΗΠ.
894 379 967 420 jun.
991 381 1028 413 V.
1054 384 1092 413 A.
1119 379 1157 413 H.
1183 379 1267 413 4349
1292 388 1325 421 p.
1351 381 1442 419 476.)
1470 396 1507 403 -
1532 380 1583 413 Ad
1609 379 1820 413 Valzlodeam

245 432 546 467 act-opurpuream
582 421 635 454 Fr.
672 422 709 454 A.
745 425 944 457 montanam
980 424 1016 456 L.
1052 426 1084 457 ss.
1121 425 1211 467 lapp.
1247 424 1345 458 duxit
1366 422 1476 466 Fries‚
1501 426 1538 456 ut
1561 423 1660 456 facile
1683 426 1824 456 monent

244 468 360 509 verba,
386 467 509 509 quibus
534 467 658 507 glumae
683 467 925 500 describuntur
948 477 1011 500 nec
1035 469 1149 500 tamen
1174 476 1363 509 synonyma
1387 477 1406 500 e
1429 467 1679 502 Scheuchzerio
1702 469 1822 500 mutu—

244 513 312 555 ata,
338 520 402 544 nec
424 511 502 544 haec
524 511 621 544 ”cum
646 511 859 543 antecedenti
882 512 1152 554 vulgatissima’‘·‚
1178 513 1371 554 specimina
1395 513 1428 545 in
1452 512 1546 545 herb.
1571 511 1665 545 Linn.
1690 520 1710 544 a
1732 511 1823 545 Vah-

244 556 344 589 lodea
368 557 472 588 etiam
498 556 636 587 omnino
662 554 829 587 distincta.
854 573 899 577 ——
921 555 1000 588 Mihi
1023 564 1227 596 persuasum
1252 556 1374 597 habeo,
1399 556 1588 600 Linnaeum‚
1603 558 1636 589 in
1648 555 1821 598 Lapponi-

245 610 300 634 am
308 602 381 640 liter
393 600 584 639 facientem,
601 606 665 630 nec
677 598 714 629 A.
727 599 891 632 flexuosae
906 601 941 632 in
954 599 1089 640 alpibus
1104 601 1346 642 copiossimarn
1359 601 1502 635 formam
1515 601 1821 642 purpurascentem

245 653 309 677 nec
343 643 550 676 Vahlodeam
586 644 659 674 tum
682 643 717 674 in
741 644 938 676 nemoribus
963 653 1069 685 quum
1093 646 1126 677 in
1151 647 1280 686 campis
1304 646 1432 688 alpium
1459 645 1587 686 passim
1610 645 1823 686 frequentem

244 688 418 729 negligere
442 687 600 729 potuisse
623 695 762 730 easque,
788 686 904 720 habitu
929 689 1185 729 quodammodo
1211 689 1351 732 similes,
1375 691 1410 722 in
1431 689 1478 723 Fl.
1505 690 1685 732 lapponica
1708 689 1820 722 nomi-

245 742 288 765 ne
311 732 411 765 ”Aira
434 731 593 773 panicula
615 740 703 772 rara⁷
728 732 901 773 calycibus
925 731 1051 765 suscis’⁷
1076 730 1143 766 una
1167 735 1402 776 proposuisse.

332 797 414 829 Obs.
451 798 483 829 2.
529 796 566 829 A.
593 797 757 829 montana
780 806 848 829 non
872 798 938 830 nisi
965 798 1106 831 variatio
1132 799 1168 831 A.
1193 799 1357 832 ssexuosae
1381 800 1435 831 est
1458 799 1627 840 alpestris,
1653 808 1696 831 ex
1719 798 1820 831 indo-

242 844 275 875 le
309 842 505 883 plantarum
541 842 746 874 caeterarum
780 842 992 883 alpestrium,
1029 842 1136 876 herba
1162 843 1294 876 minore
1313 845 1347 875 et
1368 843 1526 884 partibus
1551 842 1822 876 fructificationis

244 896 263 920 a
288 886 401 929 typica
423 886 602 928 recedens,
628 886 726 919 extra
751 885 846 928 alpes
870 895 1060 928 numquam
1084 888 1147 920 rite
1172 888 1344 921 evolutam
1370 887 1528 920 vidimus.

333 952 349 968 ‘⁶
385 953 607 994 uliginosa
643 951 713 993 (Fr.
750 951 836 985 Nov.
873 951 930 985 Fl.'
954 962 1005 985 su.
1032 952 1086 985 ed.
1111 955 1142 987 2.
1166 962 1199 995 p.
1226 953 1296 995 40:
1320 942 1479 994 panicula
1502 952 1628 994 erecta,
1654 953 1822 994 pedicello

244 997 374 1031 flosculi
408 996 549 1029 secundi
582 996 795 1037 longitudine
830 997 960 1030 dimidii
984 997 1118 1031 flosculi
1143 998 1263 1040 ipsius,
1289 997 1378 1031 foliis
1402 997 1655 1040 angustissimis
1681 997 1823 1040 capilla—

244 1044 324 1075 ceis.
349 1059 391 1065 -—
416 1043 554 1075 Har-tm.
580 1041 633 1074 ed.
658 1043 689 1073 5.
712 1050 745 1083 p.
770 1042 847 1074 298.

289 1108 378 1150 Fig.
403 1107 521 1140 Reich.
547 1106 591 1139 D.
616 1107 649 1138 ss.
674 1107 697 1138 f.
722 1124 765 1128 —
788 1105 873 1139 Tab.
899 1118 930 1139 n.
957 1105 1034 1139 XII.
1061 1107 1084 1139 s.
1109 1107 1160 1140 43.
1185 1125 1227 1130 —
1252 1106 1294 1139 H.
1319 1105 1361 1139 N.
1387 1106 1430 1139 11.
1454 1107 1506 1141 73.

332 1171 416 1205 Hah.
452 1173 486 1204 in
509 1172 590 1213 ripis
614 1172 742 1204 limosis
765 1171 832 1204 huc
855 1180 965 1212 usque
992 1173 1025 1206 in
1049 1172 1246 1206 Smolandia
1270 1171 1471 1206 occidentali
1498 1172 1652 1214 (paroec.
1677 1171 1823 1214 Femsjo‚

244 1219 281 1250 ut
305 1218 348 1251 ad
370 1217 464 1249 lacus
488 1215 655 1259 Bastesjo',
681 1214 832 1257 Hailasjo
857 1216 931 1258 Sic.)
959 1217 1106 1249 inventa.
1142 1216 1250 1250 Etiam
1276 1217 1320 1250 ad
1344 1216 1582 1250 Christianiam
1606 1217 1798 1258 Norvegiae.

332 1282 386 1315 Ill.
412 1282 563 1321 Fries,
589 1282 650 1325 qui
673 1282 738 1314 hoc
763 1293 907 1325 gramen
931 1282 1023 1324 apud
1048 1294 1109 1315 nos
1132 1283 1265 1326 primus
1289 1281 1428 1316 invenit
1451 1287 1485 1315 ei.
1499 1282 1691 1325 descripsit,
1705 1282 1742 1315 id
1755 1293 1825 1315 non

245 1327 311 1360 nisi
347 1329 498 1360 formam
525 1326 568 1358 A.
593 1328 748 1359 flexuosae
772 1338 813 1358 ex
836 1325 921 1358 locis
947 1325 1060 1359 hieme
1083 1327 1266 1359 inundatis
1290 1327 1498 1370 pendentem
1525 1327 1638 1360 habet.
1685 1325 1827 1360 ''Nasci-

244 1378 303 1405 tur
327 1372 365 1403 in
391 1371 477 1403 limo
503 1371 598 1403 nudo
622 1372 715 1404 circa
740 1371 862 1403 littora
888 1370 1004 1403 lacum
1029 1371 1272 1405 silvaticorum
1298 1375 1332 1404 et
1357 1372 1471 1414 primo
1496 1383 1574 1404 vere
1599 1375 1633 1404 et
1657 1371 1721 1404 sub
1745 1371 1824 1414 plu—

243 1416 308 1449 viis
333 1415 597 1448 autumnalibus
621 1420 694 1448 tota
720 1415 903 1455 inundata,
928 1415 993 1446 hoe
1019 1419 1173 1458 tempore
1196 1415 1320 1448 ssorens
1343 1416 1447 1458 vulgo
1470 1415 1633 1458 panicula
1659 1415 1762 1448 modo
1785 1427 1827 1448 ex

245 1472 334 1504 aqua
361 1459 520 1502 emergit3
545 1471 585 1492 ex
610 1460 676 1492 hac
700 1459 852 1491 statione
877 1459 1005 1501 pendet
1029 1459 1195 1492 foliorum
1223 1464 1357 1492 mutata
1382 1460 1493 1492 forma
1519 1464 1554 1491 et
1566 1459 1828 1492 inssorescentia

244 1505 346 1537 valde
381 1504 544 1541 serotina,
579 1515 660 1536 nam
686 1503 817 1536 culmos
840 1507 923 1534 ante
947 1503 1075 1536 limum
1099 1503 1307 1536 exsiccatum
1332 1504 1421 1535 eniti
1445 1515 1516 1536 non
1538 1503 1643 1536 valet.
1689 1501 1757 1536 Sed
1782 1503 1827 1535 ab

243 1550 308 1580 hae
347 1548 496 1580 statione
531 1548 694 1589 contigua
720 1548 805 1579 serie
830 1547 1010 1580 adscendit
1034 1548 1071 1579 in
1096 1548 1200 1580 colles
1223 1548 1415 1590 adjacentes
1439 1552 1471 1580 et
1497 1547 1662 1580 transitus
1686 1546 1827 1579 insensi-

245 1593 330 1624 biles
355 1592 440 1624 adeo
465 1592 657 1630 manifesti,
682 1595 722 1623 ut
745 1591 877 1623 limites
904 1591 991 1624 ullos
1015 1592 1145 1623 frustra
1171 1593 1335 1635 quaeres.''
1380 1589 1467 1635 Quae
1492 1602 1553 1623 nos
1576 1591 1683 1623 etiam
1700 1591 1826 1623 confir-

245 1647 339 1669 mare
363 1648 548 1679 possumus,
573 1637 731 1678 plantam
756 1635 840 1667 locis
864 1635 1000 1673 iisdem,
1025 1636 1152 1679 quibus
1174 1636 1350 1675 inventor,
1376 1636 1585 1678 colligentes.
1632 1634 1766 1668 Koch
1792 1646 1827 1667 a—

243 1681 352 1724 liique
386 1680 430 1712 A.
462 1676 674 1723 ¹uliginosam
699 1679 934 1722 germanicam
961 1684 999 1712 ut
1021 1679 1167 1721 speciem
1192 1680 1237 1712 ab
1261 1681 1487 1713 antecedente
1513 1681 1600 1712 bene
1623 1679 1827 1712 distinctam

241 1729 453 1768 proponunt,
478 1725 606 1767 plantae
631 1723 713 1756 huic
737 1724 844 1756 ”folia
869 1724 1109 1765 angustissima
1133 1724 1274 1767 quidem
1288 1725 1344 1757 sed
1358 1725 1461 1767 plana
1474 1724 1529 1758 vel
1543 1723 1751 1767 complicata
1765 1734 1828 1756 nec

242 1768 550 1802 tereti—filiformia
576 1773 610 1801 et
633 1768 767 1801 solida⁵'
790 1768 997 1807 tribuentes,
1021 1769 1113 1810 quod
1139 1769 1177 1801 in
1202 1774 1353 1801 nostram
1380 1768 1442 1802 vix
1466 1768 1624 1813 quadrat.
1671 1765 1738 1800 Sed
1753 1779 1827 1810 spe-

242 1813 386 1853 cimina,
422 1825 496 1857 quae
530 1825 548 1846 e
572 1811 763 1846 Germania
787 1813 934 1846 australi
959 1818 994 1846 et
1018 1812 1137 1847 Gallia
1162 1813 1384 1846 obtenuimus
1408 1812 1536 1846 uostris
1559 1812 1705 1845 omnino
1729 1811 1826 1845 simi-

245 1858 302 1889 lia.

572 1964 668 2005 Gen.
698 1968 762 2004 26.
819 1965 1215 2006 CORYNEPHORUS
1244 1967 1323 2006 Pal.
1352 1968 1497 2006 Beauv.

352 2085 553 2125 Panicula
596 2098 763 2133 ramosa,
806 2086 959 2125 diffusa.
1015 2086 1186 2138 Spiculoe
1228 2086 1477 2138 pedicellatae,
1517 2084 1672 2134 bissorae,
1701 2080 1829 2124 ra'rius

242 2165 333 2191 cum
348 2152 568 2191 rudimento
585 2151 732 2190 flosculi
749 2153 867 2200 tertii,
883 2152 1255 2203 compressiusculae,
1269 2150 1647 2192 ovatae-lanceolatae.
1676 2148 1830 2190 Glumoe

243 2218 563 2265 membranaceae,
593 2216 802 2268 pellucidae,
832 2217 1088 2267 subaequales,
1118 2218 1310 2266 carinatae,
1326 2216 1504 2256 flosculos
1534 2215 1831 2267 hermaphrodi-

243 2287 304 2322 tos
349 2286 592 2334 superantes,
638 2285 814 2330 acutam,
857 2283 1080 2330 uninerviae‚
1124 2284 1302 2334 superior
1348 2282 1475 2334 paullo
1505 2281 1642 2332 major.
1699 2280 1830 2320 Paleoe

243 2348 564 2396 membranaceae,
607 2348 787 2399 oequales,
829 2348 990 2388 inferior
1033 2348 1149 2387 dorso
1192 2360 1364 2387 convexa
1393 2348 1501 2399 apice
1531 2348 1682 2397 integra
1711 2358 1829 2397 supra

244 2412 352 2450 basin
383 2413 555 2462 aristam,
585 2415 705 2453 arista
733 2417 842 2453 recta
870 2414 999 2453 medio
1029 2413 1204 2464 geniculo
1233 2413 1396 2453 barbato
1425 2414 1614 2452 instructa
1643 2412 1737 2450 etin
1753 2411 1830 2450 ela-

244 2477 375 2517 vulam
404 2479 625 2525 terminata;
655 2479 766 2529 palea
795 2479 973 2529 superior
1003 2480 1110 2530 apice
1140 2480 1291 2519 triloba.
1334 2478 1531 2518 Lodiculoe
1558 2476 1695 2515 bifidae.
1732 2474 1829 2515 Ger-

245 2555 334 2582 men
375 2543 564 2592 glabrum3
601 2543 692 2594 styli
721 2544 805 2583 fere
834 2545 938 2592 nulli;
969 2546 1152 2596 stigmata
1181 2545 1367 2597 plumosa.
1425 2542 1633 2593 Caryopsis
1662 2541 1830 2581 obovata

244 2607 508 2655 teretiuscula,
537 2612 674 2647 ventre
704 2609 811 2648 sulco
840 2615 1004 2660 angusto
1033 2615 1178 2659 notata,
1209 2611 1327 2663 paleis
1358 2609 1538 2647 tunicata.

335 2683 606 2727 Corynephorus
631 2686 709 2718 Pul.
735 2687 869 2718 Beauv.
896 2686 1035 2728 Agl-osi.
1065 2701 1091 2731 1¹-
1117 2688 1169 2721 90.
1219 2685 1417 2720 Endlicher
1444 2696 1518 2729 gen.
1546 2697 1576 2717 n.
1602 2683 1678 2716 856.
1704 2683 1829 2716 Kunth

249 2741 363 2760 enum.
391 2728 413 2761 l.
442 2741 470 2771 p.
497 2728 570 2761 286.
596 2746 638 2752 -
662 2730 763 2762 Airoe
788 2741 836 2771 sp.
863 2731 962 2763 Lt'mz.
991 2732 1046 2764 &c
