1872 3141
1584 115 1632 151 00

100 209 195 243 Hah.
224 209 257 242 tn
282 216 386 242 arena
411 209 546 243 litorum
574 208 741 242 maritima
766 206 912 240 nanim
937 206 1051 246 totius,
1089 208 1255 241 snecta}
1280 208 1322 242 ad
1350 207 1544 249 nostagiam
1570 213 1604 243 ct
1628 209 1690 242 Ba-

53 255 186 287 liusiam
207 254 377 294 (ceterum
403 255 444 286 ad
471 255 565 287 lacus
582 254 731 286 Wettern
748 252 789 291 pl.
816 251 899 284 locis
926 254 959 283 et
997 251 1144 284 Wenern
1171 257 1266 285 extra
1293 253 1493 287 Kiunekulle
1520 256 1554 287 et
1579 254 1690 287 flatte-

51 298 166 339 berg),
192 300 226 331 et
250 298 478 338 Norvegiae
504 299 544 331 ad
570 296 767 330 Stjndmt'ier.
807 296 843 328 In
868 295 1030 328 Fennia
1054 303 1132 328 rara
1158 296 1247 338 (sec.
1275 297 1423 335 Kaloi).

139 363 192 395 Ex
219 363 380 396 articulis
408 362 620 397 rhizomatis,
646 361 784 403 vaginis
808 360 895 393 fissis
920 361 1108 402 squamosi,
1135 361 1305 395 latissime
1341 362 1609 396 horizontaliter
1637 372 1689 393 ro-

51 408 176 450 pentis,
201 407 331 449 singuli
355 410 538 449 emergunt
562 405 671 437 culmi
708 405 1037 448 digitales-pedales,
1077 404 1211 436 inferne
1249 407 1418 448 vaginati‚
1456 406 1499 437 ad
1537 406 1691 438 medium

50 451 150 484 foliis
175 451 316 482 demum
343 451 515 483 involutis
539 450 701 482 brevibus
728 450 856 490 vestiti,
882 459 1029 490 superne
1054 449 1230 491 triquetri,
1258 451 1353 492 apice
1381 454 1551 483 nutantes.
1590 449 1692 491 Spica

51 495 200 528 uncialis
226 495 458 536 rufo-pallida
485 494 599 527 variat
625 494 727 526 densa
755 494 808 524 vel
835 494 905 525 basi
934 494 1138 535 interrupta,
1164 495 1297 528 clavata
1325 495 1378 527 vel
1405 499 1518 526 ovata.
1544 493 1695 535 Spiculae

50 540 238 573 inferiores
265 540 370 580 vulgo
396 539 562 578 femineas,
589 538 804 570 intermediae
828 539 924 579 apice
949 538 1121 579 masculae,
1147 550 1289 570 summae
1315 546 1395 573 totae
1417 538 1594 577 masculae;
1621 548 1692 568 non

51 595 131 617 raro
155 589 268 616 autem
295 593 413 615 omues
438 582 674 616 acroarrhcnae
699 583 875 616 videnlur.
927 581 1074 614 Fructus
1098 583 1153 615 ala
1179 583 1346 617 latissima
1372 593 1467 616 nunc
1480 582 1523 615 ad
1539 581 1693 615 medium

52 639 148 660 nunc
172 628 264 659 infra
292 627 450 660 medium
477 627 669 667 angulatim
697 629 917 667 excurrente,
945 628 980 657 in
1008 631 1158 659 rostrum
1191 628 1367 669 profunde
1405 625 1566 669 bifidum,
1604 626 1694 668 plica

52 670 306 715 longitudinali
329 675 427 703 extus
452 675 625 709 notatum,
653 670 881 703 adscendente
906 671 1111 712 cinguntur.

142 715 194 747 De
217 716 252 748 C.
278 713 606 757 pseudo-arenaria
632 714 750 749 Reich.
778 714 916 758 ejusque
942 726 1023 748 cum
1061 716 1094 748 C.
1129 715 1320 749 Schreheri
1353 727 1487 748 summa
1525 713 1694 746 affinitate

52 761 121 803 jam
147 770 250 801 supra
276 761 442 792 locutum.
491 762 523 791 A
563 759 597 790 C.
631 762 804 793 arenaria
842 760 972 801 optime
998 759 1285 801 distinguuntur:
1322 760 1448 793 culmis
1473 758 1696 796 fascicutatis‚

53 804 200 837 bracteis
225 803 359 845 spicam
386 804 525 835 brevem
553 813 625 834 non
651 803 891 845 superantibus
917 805 970 844 (C.
996 806 1178 836 arenarioe
1203 808 1319 836 tamen
1337 803 1529 846 specimina
1542 802 1585 835 ad
1611 801 1694 834 Hel-

53 848 218 890 singborg
245 848 388 888 tegimus
413 848 559 880 bracteis
588 848 838 880 minutissimis
864 847 1065 890 insignia!)‚
1092 847 1269 880 fructibus
1294 859 1312 879 a
1337 849 1412 881 basi
1447 847 1694 889 alato-margi-

55 893 157 927 natis.
182 891 396 934 spiculisque
422 892 798 933 elongato-linearibus
821 893 995 925 excurvis.

145 935 306 968 Formam
331 935 375 966 ad
402 936 588 968 Hatmstad
614 936 813 968 Hallandiae
840 937 965 969 lectam
980 935 1147 977 vidimus,
1175 936 1301 969 culmis
1316 936 1539 977 fasciculatis,
1564 935 1694 969 firmis!

29 981 32 984 ⁴
53 980 297 1022 fructibusque
321 992 339 1012 a
364 980 437 1012 basi
462 980 605 1022 oblique
631 980 836 1021 marginatis
862 980 953 1012 inter
978 981 1012 1012 C.
1040 983 1248 1014 arenariam
1271 987 1306 1014 et
1331 981 1696 1023 pseudo-arenariam

54 1025 202 1058 omnino
227 1023 389 1066 mediam,
413 1035 599 1067 carumque
622 1023 825 1058 affinitatem
850 1025 1012 1058 intimam
1038 1025 1171 1066 optime
1195 1024 1509 1060 demonstrantem.

165 1095 231 1132 95-
290 1093 333 1129 C·
362 1090 579 1130 disticha
605 1102 726 1144 (Huds
755 1104 785 1136 ss.
813 1103 903 1143 angl.
928 1101 1028 1144 403):
1056 1102 1153 1142 spica
1180 1103 1426 1144 decomposita,
1453 1099 1696 1135 ovato-oblon-

55 1166 112 1199 ga,
137 1157 278 1199 spiculis
305 1157 415 1190 6—20
441 1157 594 1191 ovalibus
623 1159 785 1192 consertis
811 1167 841 1193 v.
867 1157 1086 1192 inferioribus
1102 1155 1321 1197 subremotis,
1346 1156 1565 1196 ebracteatis,
1590 1154 1696 1187 inter-

57 1213 178 1247 mediis
207 1213 407 1254 pierumque
432 1213 606 1255 masculis,
643 1214 767 1246 ceteris
804 1213 884 1246 totis
923 1213 1099 1253 femineis3
1138 1212 1306 1246 fructibus
1333 1209 1625 1250 ovato-oblongis,
1661 1208 1696 1241 in

56 1272 204 1302 rostrum
231 1268 368 1301 bifidum
394 1268 590 1307 amentiam,
615 1276 814 1309 compresse
840 1268 1137 1310 plano-convexis,
1166 1268 1221 1301 ala
1245 1268 1340 1300 tenui
1365 1274 1501 1300 sursum
1526 1264 1698 1298 serrutata

57 1323 131 1357 fere
156 1331 176 1355 a
200 1322 274 1355 basi
302 1322 512 1362 marginatis,
536 1323 696 1365 utrinque
720 1324 890 1362 nervosis,
915 1332 1077 1366 squamas
1104 1323 1335 1356 acutiusculas
1360 1320 1618 1362 superantibus.

101 1377 326 1431 Sym-Reiz.
354 1398 386 1422 n.
418 1388 511 1422 1140.
537 1388 571 1421 C.
599 1389 815 1423 intermedia
840 1388 993 1430 (Good.)
1019 1389 1112 1434 Lz'lj.
1145 1391 1252 1435 ng.
1279 1399 1328 1421 su.
1353 1399 1387 1420 n.
1417 1387 1513 1420 1036.
1549 1387 1620 1420 Hn.
1645 1384 1699 1418 ed.

238 1434 335 1466 1—4.
362 1430 417 1473 (C.
443 1432 522 1466 dist.
548 1432 602 1465 ed.
629 1436 678 1473 5),
704 1435 792 1476 Fr.,·
815 1434 972 1472 Selium,
1007 1435 1112 1479 Rasa
1143 1434 1197 1470 (C.
1224 1434 1334 1476 dist),
1360 1434 1524 1466 Hornem.
1562 1429 1618 1471 (C.
1644 1429 1698 1461 in·

234 1475 422 1555 tergiffidia)
446 1487 478 1519 p,
505 1478 587 1516 922;
613 1479 713 1522 Nyl.
741 1478 764 1511 l.
800 1489 830 1511 c.
864 1489 895 1520 p.
931 1479 986 1513 30.
1012 1497 1054 1502 —
1078 1479 1207 1514 Kunth
1245 1477 1302 1519 (C.
1328 1476 1490 1516 interm.)
1523 1486 1641 1509 enum.
1665 1476 1698 1508 2.

230 1531 263 1563 p.
358 1548 365 1555 .

104 1564 193 1608 Fig.
229 1564 336 1600 schk.
361 1568 383 1598 t.
410 1563 450 1599 Β.
474 1565 496 1599 f.
522 1566 552 1600 7.
580 1566 633 1601 Fl.
660 1565 703 1601 D.
731 1567 828 1601 1343.
854 1566 972 1604 Reich.
998 1571 1076 1603 552.
1102 1569 1191 1604 Tab.
1216 1577 1250 1600 n.
1276 1564 1341 1600 III.
1366 1566 1392 1600 f.
1420 1565 1472 1600 15·

102 1609 274 1645 Exsicc.
301 1609 347 1642 Η.
373 1608 419 1645 N.
446 1609 509 1643 XI.
536 1611 590 1646 81.

106 1675 205 1710 Hah.
229 1676 312 1709 locis
339 1680 514 1719 pratorum
540 1676 686 1711 humidis
723 1678 757 1709 et
781 1677 822 1710 ad
849 1678 940 1718 ripas
977 1678 1143 1721 Daniae,
1179 1677 1349 1712 Sueciae
1385 1677 1429 1711 ad
1464 1674 1696 1716 Heisingiam,

62 1720 296 1762 Norvegiae
318 1723 549 1756 meridionalis
576 1725 609 1755 et
635 1721 802 1755 Fenniae
827 1722 999 1755 australis.

153 1786 268 1819 Radix
293 1786 510 1829 stolonifem,
537 1798 670 1830 repens,
718 1786 839 1820 culmi
866 1787 1121 1829 1—2-pedales‚
1147 1786 1242 1829 apice
1266 1786 1348 1827 taxi,
1372 1785 1468 1818 soliis
1482 1785 1598 1827 paucis
1624 1785 1701 1828 pla·

63 1831 120 1864 nis
144 1831 330 1864 latioribus
356 1832 426 1864 basi
459 1833 586 1874 vestiti,
608 1832 724 1864 scabre
749 1832 926 1874 triquetri.
974 1833 1076 1873 Spica
1113 1831 1273 1871 disticha,
1311 1830 1589 1867 2—3-uncialis,
1625 1831 1702 1861 laxa

63 1879 209 1917 nulans;
235 1875 380 1917 spiculae
403 1877 545 1909 atternae
585 1878 727 1909 variant
752 1879 831 1908 lotae
857 1877 951 1917 fem,
977 1877 1162 1909 inferiores
1187 1878 1273 1909 2-5
1290 1875 1381 1917 fem,
1407 1874 1598 1916 superiores
1624 1885 1701 1906 om-

63 1931 121 1953 nes
147 1921 306 1952 mascuiae
333 1920 388 1960 (C.
415 1932 533 1963 repens
557 1919 645 1953 Bell.
670 1919 789 1953 Reich.
815 1919 837 1951 f.
863 1922 970 1962 553),
995 1920 1047 1951 vel
1078 1920 1291 1953 intermedia:
1304 1925 1442 1952 tantum
1459 1917 1702 1959 staminiferae,

62 1975 147 2006 saepe
171 1970 221 1998 sat
246 1968 383 1998 remotae
406 1971 439 1998 et
465 1966 629 2000 minimae.
678 1964 866 1997 Fructibus
890 1971 1003 1998 autem
1035 1969 1178 2008 anguste
1213 1964 1434 2006 mai·ginati5‚
1469 1964 1521 1994 ala
1559 1962 1701 1994 demum

64 2010 199 2041 inferne
222 2015 456 2051 evanescente,
482 2011 617 2053 glumas
641 2019 710 2040 non
739 2017 955 2043 mucronatas
981 2010 1234 2051 superantibus,
1257 2008 1450 2040 rhizomate
1485 2017 1555 2038 non
1593 2007 1702 2039 stolo-

63 2053 168 2087 nibus
188 2053 362 2096 elongatis
388 2055 555 2088 latissime
580 2058 720 2097 repente
745 2065 764 2086 a
786 2053 900 2096 priori
924 2054 1074 2096 diversa,
1100 2054 1290 2097 habituque
1316 2054 1418 2095 longe
1441 2051 1568 2084 aliena.

175 2124 240 2162 96·
298 2122 341 2160 C·
371 2119 730 2161 chordorrllizss
755 2133 872 2173 (Ehrh.
898 2133 932 2166 in
957 2132 1051 2165 Linn.
1075 2132 1191 2173 Suppl.
1218 2131 1296 2170 414,
1321 2137 1428 2170 grain.
1454 2130 1534 2168 77):
1559 2128 1701 2169 spiculis

65 2186 153 2220 2-5
178 2187 212 2220 in
248 2187 378 2228 spicam
410 2191 546 2220 ovatam
583 2188 868 2228 capitutisormem
906 2189 1082 2229 consertis,
1120 2185 1345 2227 ebracteati53
1381 2185 1548 2218 fructibus
1585 2187 1702 2217 ovato-

65 2242 269 2283 rotundatis,
296 2246 407 2276 rostro
433 2243 581 2276 tenuiter
604 2244 841 2277 scabriusculo
868 2245 901 2276 et
927 2243 1139 2284 emarginato
1160 2241 1354 2284 apiculam,
1381 2239 1702 2281 trigono-globosis,

66 2297 246 2330 evidenter
269 2297 438 2339 nervosis,
464 2306 625 2340 squamas
652 2300 882 2333 acutiusculas
907 2298 1123 2332 involventes
1157 2298 1394 2340 aequantibus;
1430 2295 1542 2328 culmo
1575 2296 1704 2332 erecto,

63 2351 155 2392 laevi,
179 2351 259 2384 solia
285 2355 484 2393 superante.

110 2415 211 2460 Syn.
237 2417 275 2452 C.
304 2418 477 2460 uliginosa
515 2417 554 2451 L.
579 2428 626 2458 sp.
653 2418 699 2459 pl.
738 2417 789 2452 cd.
829 2419 857 2452 1.
896 2419 977 2461 (nec
1013 2417 1046 2451 ss.
1087 2418 1155 2457 su.)
1190 2416 1310 2449 Elzrh.
1339 2414 1393 2456 (C.
1431 2415 1703 2454 chordorrhiza)

241 2463 343 2496 beitr.
374 2466 400 2496 l.
422 2473 453 2504 p.
482 2463 555 2497 186.
579 2463 678 2496 Reiz.
705 2472 740 2495 n.
778 2464 872 2498 1137.
898 2465 1005 2508 ng.
1044 2474 1093 2495 su.
1131 2472 1166 2494 n.
1197 2462 1292 2501 1032,
1318 2463 1388 2495 Hn.
1412 2462 1496 2502 Fr.;
1533 2462 1702 2494 Hor-nem.

243 2518 277 2550 p.
303 2509 385 2546 9213
412 2509 503 2563 NJZ.
533 2506 555 2540 l.
581 2518 608 2539 e.
635 2518 665 2548 p.
694 2509 746 2541 30.
773 2525 812 2531 -
838 2509 967 2542 Kunth
991 2517 1107 2539 enum.
1133 2508 1163 2539 2.
1191 2517 1220 2548 p.
1248 2507 1323 2539 371.

111 2551 200 2594 Fig.
239 2551 346 2585 schk.
373 2555 395 2582 t.
422 2553 468 2586 (J.
495 2550 534 2585 Ii.
563 2550 586 2584 f.
613 2552 664 2586 31.
693 2551 744 2586 Fi.
770 2551 814 2584 D.
844 2553 940 2586 1408.
966 2552 1083 2584 Reich.
1110 2552 1185 2584 535.
1213 2549 1299 2584 Tab.
1325 2560 1359 2582 n.
1386 2548 1451 2583 111.
1478 2549 1502 2581 f.
1533 2550 1586 2583 14.

112 2596 278 2629 Exsicc.
304 2597 349 2631 H.
376 2596 419 2631 N.
448 2596 514 2630 IX.
541 2596 596 2629 85.

98 2663 317 2741 'Hah't'mffl
332 2665 500 2706 profunde
516 2664 691 2705 paludosis
719 2664 862 2698 Daniae
885 2662 1043 2705 (rarius),
1070 2661 1247 2702 Suecioe‚
1284 2660 1516 2703 Norvssegiae
1543 2662 1576 2692 et
1602 2660 1701 2693 Fen-

67 2716 146 2741 niae
167 2713 199 2741 to
217 2717 279 2742 ius.

157 2772 324 2805 Rliizoma
351 2775 386 2806 in
415 2785 448 2808 v.
473 2785 573 2816 supra
601 2772 723 2806 limum
761 2773 902 2816 oblique
940 2783 1061 2816 repens
1096 2774 1189 2815 apice
1226 2778 1259 2805 et
1294 2783 1336 2803 ex
1373 2769 1532 2802 articulis
1568 2770 1704 2801 culmos

69 2816 178 2859 laeves,
204 2817 442 2862 foliorumque
467 2817 649 2852 fascic-utos
674 2819 813 2852 emittit.
864 2818 959 2852 Folia
975 2817 1220 2857 canaliculata,
1246 2816 1364 2850 culmo
1391 2815 1504 2848 multo
1530 2813 1702 2848 breviora.
