1872 3141
1614 127 1662 159 59

117 214 185 252 ‘bus
212 221 384 253 facillime
410 222 564 265 dignota.
606 222 724 254 Forma
754 228 882 262 tamen,
908 235 980 267 quae
1006 236 1111 256 ramis
1138 226 1171 256 in
1200 226 1399 267 paniculum
1427 230 1620 264 densiorem
1636 241 1718 264 con-

125 265 244 297 tractis
269 277 286 297 a
312 265 431 308 typica
458 267 599 305 recedit,
624 269 704 300 120oe
729 268 874 299 triviali
895 268 1154 310 quadammodo
1179 271 1295 304 affinis
1320 273 1471 306 videtur.

238 331 351 364 Variat
377 332 462 373 (sec.
489 333 638 365 amicis-s.
664 333 692 366 J.
718 320 966 376 Kngstro'm,
994 333 1053 366 cfr.
1081 334 1154 367 Bot.
1182 336 1259 369 Not.
1289 338 1373 372 4849
1398 348 1430 380 p.
1458 341 1516 381 81)

301 398 340 435 α)
379 408 553 431 nutans:
577 399 736 440 panicula
760 400 865 431 ramis
892 400 1119 441 subpeudulis
1145 403 1295 434 maxime
1320 403 1439 436 effusa.
1464 423 1507 427 -—
1533 399 1736 449 Australiss

390 443 588 485 nemoralis,
616 443 799 484 uliginosa.

297 505 336 551 β)
364 509 639 542 slzvarzcaca:
675 510 835 551 panicula
868 512 971 543 ramis
1005 509 1264 545 liorizontaliter
1289 511 1487 546 divaricatis
1513 514 1648 548 diffusa.
1675 534 1715 539 -κ

342 579 347 582 .
384 554 563 596 Sylvatica,
590 554 764 588 umbrosa.

297 622 349 660 γ)
382 630 611 670 cqzzgesza,
644 621 803 662 panicula
830 624 935 654 ramis
960 623 1038 664 plus
1065 625 1178 657 minus
1204 623 1329 656 erectis
1355 625 1560 664 angustiori.
1589 642 1629 646 -—
1655 625 1714 657 Al*

381 674 472 706 pina.

204 728 394 762 Germania
419 732 502 763 duas
527 731 597 763 alet
621 732 747 773 species
773 732 866 764 inter
890 744 922 764 se
947 738 980 764 et
1006 738 1129 766 nostrae
1157 734 1308 766 maxime
1333 735 1523 772 affines,se.
1539 733 1712 767 Poamffsu-

116 772 264 806 'leucam
292 773 423 808 Haenke
448 776 500 814 (P.
525 776 695 818 sylvatica
723 775 825 814 Vill.‚
852 776 888 809 P.
915 778 1108 809 trinervala
1136 777 1212 815 DC,
1241 778 1273 809 Ι).
1296 779 1556 822 quadripedalis
1577 778 1715 819 Ehrh.!)

114 823 147 849 et
173 819 211 850 P.
238 818 429 862 hybridam
455 818 583 858 Gaud,
607 833 754 865 quarum
783 821 999 853 differentias
1025 820 1170 854 Gaudin
1197 827 1230 854 ct
1255 822 1358 854 Koch
1385 828 1563 867 sequentes
1588 835 1710 866 propo-

116 868 270 894 suerunt:

204 930 241 961 P.
263 928 431 966 sudeu'ca,
457 928 619 972 panicula
645 930 897 972 (subviolacea)
923 935 926 937 ’
1012 932 1048 962 Ρ.
1075 930 1290 977 hybrida,
1314 933 1479 973 panicula
1505 932 1631 965 diffusa
1646 933 1713 973 (vi-

114 976 266 1015 patente,
299 973 448 1006 flosculis
484 974 626 1015 glabris,
658 975 753 1006 foliis
778 974 897 1006 omni·
924 978 1101 1014 semente),
1127 976 1279 1008 flosculis
1304 977 1385 1018 pilis
1409 987 1511 1018 parce
1536 977 1713 1019 adspersis,

114 1019 174 1049 bus
192 1017 288 1058 apice
313 1018 722 1056 cucullato—constrictis,
750 1019 896 1052 fascicu-
922 1019 1018 1051 foliis
1055 1020 1218 1052 omnibus
1253 1021 1378 1052 sensim
1405 1021 1596 1053 attenuatis
1632 1033 1713 1053 acu—

116 1062 149 1093 lo
173 1062 342 1094 foliorum
374 1062 483 1094 steril.
509 1063 572 1094 sub
597 1063 732 1096 anthesi
759 1064 894 1105 vegetis.
924 1063 1076 1102 tissimis,
1103 1065 1270 1097 fasciculo
1295 1065 1354 1096 sol.
1379 1066 1487 1097 steril.
1513 1066 1575 1097 sub
1589 1066 1712 1098 anthe-

920 1108 947 1140 si
971 1108 1178 1153 plerumque
1202 1109 1397 1142 emarcidis.

204 1172 236 1206 A
262 1171 388 1216 quibus
413 1172 548 1204 duabus
572 1181 692 1206 nostra
718 1175 770 1212 (P.
797 1176 812 1190 ³⁵
838 1175 988 1214 remota)
1013 1174 1145 1206 differt:

201 1251 226 1271 a.
263 1241 300 1272 P.
326 1238 485 1271 suclelica
510 1239 604 1271 soliis
628 1239 861 1281 superioribus
886 1240 1287 1283 elongato-acuminatis
1311 1241 1432 1273 stricte
1458 1242 1589 1283 creetis,
1612 1243 1710 1285 pani-

111 1284 189 1316 cula
226 1283 352 1315 eximie
387 1284 511 1315 diffusa
537 1283 719 1325 saepissimc
743 1285 903 1320 secunda,
929 1284 1034 1315 ramis
1059 1285 1156 1326 apice
1180 1285 1350 1327 florigeris
1376 1286 1573 1328 longissime
1598 1287 1710 1325 nudis,

110 1329 252 1371 spiculis
278 1328 415 1360 brevius
440 1328 659 1370 pediccllatis
684 1329 878 1361 minoribus
902 1333 936 1360 et
962 1329 1074 1360 multo
1100 1329 1374 1370 angustioribus,
1390 1330 1519 1372 glumis
1532 1330 1709 1374 paleisque

112 1371 457 1410 subulato-acutatis,
481 1372 590 1403 herba
617 1372 770 1415 denique
795 1378 866 1405 tota
894 1373 1027 1415 pallide
1052 1373 1198 1413 virente3

153 1450 170 1470 a
207 1438 246 1469 P.
281 1437 436 1481 hybrida
479 1438 572 1469 foliis
609 1438 837 1470 inferioribus
874 1438 969 1480 apice
1006 1439 1415 1476 cucullato-consudetis,
1440 1440 1603 1481 panicula
1631 1440 1706 1472 uni-

108 1482 251 1514 laterali
287 1482 394 1514 ramis
427 1483 567 1514 demum
595 1482 733 1514 rcssexis
758 1483 972 1526 ramulisque
996 1483 1172 1524 adp1·essis‚
1198 1484 1341 1525 spiculis
1366 1484 1574 1516 acutissimis
1599 1495 1709 1526 angu-

108 1527 169 1559 stis
194 1527 271 1558 laete
296 1527 469 1558 viridibus
493 1532 527 1558 ct
551 1527 760 1564 nitentibus,
787 1527 921 1569 vaginis
946 1527 1063 1558 folior.
1082 1533 1161 1559 ster.
1188 1540 1267 1560 mox
1293 1528 1489 1560 emarcidis.
1539 1528 1665 1560 Planta
1692 1541 1709 1561 e

107 1571 247 1606 Silesia‚
283 1583 387 1614 quam
426 1571 681 1604 scandinavicfe
708 1572 897 1604 identicam
927 1572 1105 1615 proposuit
1130 1571 1244 1610 Koch,
1270 1584 1285 1603 a
1314 1577 1429 1604 nostra
1457 1573 1577 1605 eodem
1604 1574 1708 1606 modo

105 1628 174 1659 quo
198 1615 370 1648 helvetica
396 1615 523 1647 differt.

199 1680 256 1713 Oh
283 1681 443 1713 habitum
472 1682 599 1719 lierbae,
627 1682 804 1724 paniculae
829 1687 860 1713 et
888 1682 1101 1723 spicularum
1128 1683 1302 1724 speciebus
1326 1683 1378 1714 his
1393 1681 1505 1715 tribus
1518 1683 1705 1726 propositis

107 1738 330 1759 communem
368 1730 402 1757 et
438 1738 457 1757 a
495 1726 616 1758 ceteris
654 1726 732 1758 Pois
769 1726 958 1768 (praecipue
983 1732 1101 1759 aulem
1128 1728 1172 1758 ob
1197 1727 1282 1759 folia
1309 1727 1504 1760 fasciculor.
1528 1727 1703 1760 sterilium

104 1770 400 1811 subensiformia!)
437 1771 589 1802 maxime
626 1769 801 1803 diversum
842 1782 895 1802 cas
921 1771 1062 1814 quidem
1090 1771 1132 1802 ad
1161 1783 1264 1804 unam
1291 1772 1505 1815 eandemque
1530 1772 1705 1814 pertinere

103 1817 246 1859 stirpem
274 1815 377 1847 facile
401 1815 565 1853 crederes,
593 1815 678 1846 locis
703 1817 950 1847 tantummodo
975 1815 1080 1847 variis
1105 1821 1138 1847 ct
1162 1816 1361 1857 regionibus
1386 1816 1530 1848 diversis
1555 1817 1605 1848 ita
1627 1828 1704 1848 mu-

104 1865 204 1898 tatas,
240 1864 280 1891 ut
315 1859 453 1901 alpibus
489 1860 738 1892 clevatioribus
763 1859 908 1901 Europae
934 1860 1101 1891 centralis
1125 1865 1159 1891 et
1186 1860 1427 1892 meridionalis
1452 1860 1592 1903 propria
1619 1866 1703 1893 esset

104 1908 140 1939 P.
189 1903 348 1936 sudeam
396 1904 516 1946 ibique
561 1909 741 1935 contracta
773 1904 987 1945 granditlora
1028 1908 1062 1935 et
1098 1904 1290 1936 coloratior
1326 1905 1487 1938 evaderet
1522 1905 1700 1948 panicula,

103 1949 278 1983 convalles
313 1952 430 1980 autem
469 1948 616 1980 laetiores
654 1947 830 1991 magisque
854 1948 1017 1980 humidas
1041 1948 1269 1990 iuferalpinas
1293 1948 1505 1993 graminosas
1529 1949 1701 1982 calcareas

101 1994 289 2026 earundem
327 1992 508 2034 regionum
534 1993 572 2024 P.
609 1992 764 2029 hybrida
801 1992 981 2031 incoleret,
1017 1993 1109 2024 unde
1144 1993 1311 2036 vegetior,
1348 1993 1460 2025 laxior
1496 1998 1530 2025 et
1567 1993 1699 2026 viridi—

100 2050 140 2070 or
164 2042 277 2074 enata,
302 2042 335 2069 et
360 2036 595 2078 septentrioni
620 2041 744 2068 nostrae
770 2037 806 2068 P.
833 2046 965 2069 remota
991 2037 1098 2079 magis
1124 2038 1221 2079 priva
1247 2039 1310 2070 sub
1335 2049 1404 2080 quo
1430 2038 1526 2070 coelo
1550 2038 1697 2069 alienoa

98 2082 222 2115 formis
257 2081 386 2124 typicis
411 2079 677 2113 australioribus
701 2081 900 2113 evidentius
925 2081 1107 2114 recederet.
1155 2081 1240 2113 Rem
1266 2083 1316 2114 ita
1342 2093 1375 2113 se
1400 2082 1526 2114 habere
1550 2093 1613 2114 nec
1640 2093 1698 2114 ne-

97 2138 175 2170 gare
200 2137 263 2158 nec
288 2125 465 2158 affirmare
490 2137 678 2168 possumus,
704 2126 815 2167 specie
841 2138 856 2156 a
882 2126 982 2158 nobis
1006 2127 1121 2158 adhuc
1148 2138 1217 2158 non
1242 2127 1323 2158 satis
1349 2127 1537 2168 explorata.
1563 2124 1697 2158 Memo—

98 2172 210 2204 rabile
234 2181 313 2202 sane
338 2174 387 2201 est
412 2175 565 2202 nostram
591 2170 751 2212 plantam
779 2170 890 2202 tribus
914 2171 1034 2202 ludere
1057 2171 1315 2203 variationibus
1341 2171 1437 2210 (vide
1461 2169 1591 2212 supra),
1607 2182 1695 2213 qua-

99 2228 176 2248 rum
202 2214 329 2246 ultima
359 2216 392 2246 P.
420 2214 588 2246 sudeticae
613 2226 710 2251 verte,
735 2215 872 2257 qualem
899 2215 935 2246 in
961 2212 1102 2247 Sudctis
1127 2216 1284 2258 legimus,
1310 2215 1456 2246 omnino
1469 2215 1615 2257 analoga
1633 2219 1694 2252 est,

99 2260 215 2292 media
240 2260 277 2291 P.
303 2258 471 2300 hybrida?
495 2270 564 2290 non
590 2258 781 2296 dissimilis,
806 2264 839 2290 et
864 2260 977 2301 prima
1003 2265 1050 2291 est
1077 2260 1189 2292 forma
1214 2260 1307 2302 apud
1333 2271 1392 2291 nos
1405 2259 1582 2302 vulgatior
1594 2263 1640 2296 et,
1655 2264 1694 2291 ut

94 2305 247 2345 videtur,
273 2300 501 2345 septentrioni
526 2303 721 2345 peculiaris.

185 2371 216 2402 5.
242 2369 277 2401 P.
313 2377 543 2402 Tallems
571 2370 622 2410 (L.
649 2370 975 2410 sp.99.):pauicula
988 2372 1141 2413 patente,
1157 2369 1259 2402 ramis
1274 2371 1390 2410 quinis
1404 2369 1551 2411 scabris,
1568 2370 1689 2411 spicu—

92 2426 136 2458 lis
161 2425 273 2457 ovatis
298 2424 505 2456 florentibus
531 2426 628 2465 apice
651 2424 847 2464 latioribus,
873 2425 1069 2468 3-5-ssoris‚
1095 2425 1248 2458 flosculis
1273 2424 1492 2466 saepiuslana
1507 2425 1690 2457 cohaeren—

93 2481 200 2522 tibus,
226 2479 325 2521 palea
349 2478 512 2512 inferiore
537 2480 845 2513 elevato—nervosa
870 2480 1000 2523 glabra,
1027 2480 1118 2512 soliis
1138 2480 1330 2513 linearibus
1343 2480 1581 2523 acutiusciiliS‚
1597 2479 1689 2520 ligu-

91 2536 123 2568 la
154 2535 303 2576 oblonga
327 2537 439 2576 acuta,
465 2536 600 2575 vaginis
625 2535 903 2576 subcompressis
929 2535 1112 2577 culmoque
1137 2535 1303 2568 deorsum
1328 2536 1475 2577 scabris,
1503 2535 1619 2568 radice
1644 2536 1687 2567 si-

88 2591 204 2624 brosa.

136 2634 242 2678 Syn.
290 2635 390 2666 Linn.
415 2646 462 2666 su.
488 2646 519 2665 n.
545 2635 600 2672 SO;
625 2636 730 2678 ng.
754 2647 801 2666 su.
827 2646 860 2666 n.
887 2635 961 2673 llO;
987 2636 1072 2673 Ht1.,·
1097 2637 1158 2667 Fr.
1196 2653 1237 2658 —
1270 2638 1385 2667 Gunn.
1411 2635 1463 2666 Fl.
1487 2646 1519 2666 n.
1544 2634 1618 2666 476.
1642 2650 1685 2656 -

204 2680 365 2711 Hornem.
391 2689 421 2720 p.
449 2678 522 2717 1063
550 2680 671 2721 Lange
695 2691 727 2710 n.
757 2680 828 2712 153.
853 2696 894 2702 -—
920 2680 1025 2712 Kalm
1054 2678 1102 2711 Fl.
1131 2679 1236 2711 Fenn.
1262 2692 1291 2722 p.
1318 2682 1348 2714 2.
1374 2678 1554 2712 -Kunch
1566 2688 1683 2709 enum„

178 2723 202 2755 l.
228 2735 258 2766 p.
285 2724 358 2756 352.
384 2722 419 2754 l'.
444 2724 562 2755 scabra
591 2724 702 2756 ΕΙιι-Ιι.
727 2724 850 2756 calam.
875 2724 928 2757 72.

137 2768 230 2810 Fig.
278 2764 342 2798 Sw.
379 2765 413 2798 B.
451 2768 501 2800 88.
538 2770 568 2800 2.
610 2768 656 2799 fl¹
686 2768 726 2799 D.
757 2769 853 2801 1085.
901 2768 1019 2801 Reich,
1045 2766 1085 2798 D,
1114 2768 1144 2799 ss.
1173 2768 1194 2799 f.
1220 2767 1394 2801 418—--420
1453 2764 1537 2798 Tab.
1565 2776 1596 2797 n.
1622 2763 1672 2796 IV

178 2812 200 2843 f.
227 2813 276 2845 44.
