<?xml version="1.0" encoding="UTF-8"?>
<!DOCTYPE html PUBLIC "-//W3C//DTD XHTML 1.0 Transitional//EN"
    "http://www.w3.org/TR/xhtml1/DTD/xhtml1-transitional.dtd">
<html xmlns="http://www.w3.org/1999/xhtml" xml:lang="en" lang="en">
 <head>
  <title>
</title>
<meta http-equiv="Content-Type" content="text/html;charset=utf-8" />
  <meta name='ocr-system' content='tesseract 3.04.00' />
  <meta name='ocr-capabilities' content='ocr_page ocr_carea ocr_par ocr_line ocrx_word'/>
</head>
<body>
  <div class='ocr_page' id='page_1' title='image "./plantaescandinav12ande_0166.png"; bbox 0 0 1872 3141; ppageno 0'>
   <div class='ocr_carea' id='block_1_1' title="bbox 268 79 314 112">
    <p class='ocr_par' dir='ltr' id='par_1_1' title="bbox 268 79 314 112">
     <span class='ocr_line' id='line_1_1' title="bbox 268 79 314 112; baseline 0.022 -1"><span class='ocrx_word' id='word_1_1' title='bbox 268 79 314 112; x_wconf 60' lang='lat'>⁴8</span> 
     </span>
    </p>
   </div>
   <div class='ocr_carea' id='block_1_2' title="bbox 509 177 1801 265">
    <p class='ocr_par' dir='ltr' id='par_1_2' title="bbox 509 177 1801 265">
     <span class='ocr_line' id='line_1_2' title="bbox 511 177 1801 220; baseline -0.001 -9"><span class='ocrx_word' id='word_1_2' title='bbox 511 180 614 220; x_wconf 80' lang='lat' dir='ltr'>libus)</span> <span class='ocrx_word' id='word_1_3' title='bbox 648 180 897 211; x_wconf 84' lang='lat' dir='ltr'>albo-sericeis.</span> <span class='ocrx_word' id='word_1_4' title='bbox 936 197 976 202; x_wconf 90' lang='lat'>—-</span> <span class='ocrx_word' id='word_1_5' title='bbox 1012 180 1104 212; x_wconf 79' lang='lat' dir='ltr'>lianc</span> <span class='ocrx_word' id='word_1_6' title='bbox 1129 180 1271 211; x_wconf 75' lang='lat' dir='ltr'>formam</span> <span class='ocrx_word' id='word_1_7' title='bbox 1298 180 1462 219; x_wconf 77' lang='lat' dir='ltr'>insignem</span> <span class='ocrx_word' id='word_1_8' title='bbox 1489 186 1530 209; x_wconf 84' lang='lat' dir='ltr'>cx</span> <span class='ocrx_word' id='word_1_9' title='bbox 1556 177 1662 210; x_wconf 83' lang='lat' dir='ltr'>insula</span> <span class='ocrx_word' id='word_1_10' title='bbox 1688 177 1801 210; x_wconf 83' lang='lat' dir='ltr'>Hisin—</span> 
     </span>
     <span class='ocr_line' id='line_1_3' title="bbox 509 220 1714 265; baseline -0.002 -10"><span class='ocrx_word' id='word_1_11' title='bbox 509 233 573 264; x_wconf 77' lang='lat' dir='ltr'>gen</span> <span class='ocrx_word' id='word_1_12' title='bbox 598 233 703 265; x_wconf 83' lang='lat' dir='ltr'>prope</span> <span class='ocrx_word' id='word_1_13' title='bbox 728 223 986 265; x_wconf 76' lang='lat' dir='ltr'>Gotlioburgum</span> <span class='ocrx_word' id='word_1_14' title='bbox 1013 225 1100 255; x_wconf 76' lang='lat' dir='ltr'>misit</span> <span class='ocrx_word' id='word_1_15' title='bbox 1126 224 1318 255; x_wconf 84' lang='lat' dir='ltr'>ainicissim.</span> <span class='ocrx_word' id='word_1_16' title='bbox 1350 221 1384 254; x_wconf 90' lang='lat' dir='ltr'>C.</span> <span class='ocrx_word' id='word_1_17' title='bbox 1409 222 1436 253; x_wconf 84' lang='lat' dir='ltr'>J.</span> <span class='ocrx_word' id='word_1_18' title='bbox 1463 220 1714 263; x_wconf 58' lang='lat' dir='ltr'>Ljindeberg:</span> 
     </span>
    </p>
   </div>
   <div class='ocr_carea' id='block_1_3' title="bbox 512 286 1806 464">
    <p class='ocr_par' dir='ltr' id='par_1_3' title="bbox 512 286 1806 464">
     <span class='ocr_line' id='line_1_4' title="bbox 515 286 1803 333; baseline -0.001 -13"><span class='ocrx_word' id='word_1_19' title='bbox 515 286 556 332; x_wconf 80' lang='grc' dir='ltr'>β)</span> <span class='ocrx_word' id='word_1_20' title='bbox 579 290 722 333; x_wconf 77' lang='lat' dir='ltr'>pumila,</span> <span class='ocrx_word' id='word_1_21' title='bbox 751 289 862 322; x_wconf 83' lang='lat' dir='ltr'>culmo</span> <span class='ocrx_word' id='word_1_22' title='bbox 887 298 934 321; x_wconf 83' lang='lat' dir='ltr'>sc.</span> <span class='ocrx_word' id='word_1_23' title='bbox 963 289 1148 321; x_wconf 50' lang='lat' dir='ltr'>Emi-unciali</span> <span class='ocrx_word' id='word_1_24' title='bbox 1173 287 1435 329; x_wconf 82' lang='lat' dir='ltr'>simplicissimo,</span> <span class='ocrx_word' id='word_1_25' title='bbox 1461 288 1558 327; x_wconf 85' lang='lat' dir='ltr'>apice</span> <span class='ocrx_word' id='word_1_26' title='bbox 1581 286 1803 328; x_wconf 72' lang='lat' dir='ltr'>spiculasl-4</span> 
     </span>
     <span class='ocr_line' id='line_1_5' title="bbox 513 330 1804 375; baseline -0.003 -9"><span class='ocrx_word' id='word_1_27' title='bbox 513 333 727 375; x_wconf 83' lang='lat' dir='ltr'>subspicatas</span> <span class='ocrx_word' id='word_1_28' title='bbox 752 333 957 374; x_wconf 79' lang='lat' dir='ltr'>proferente,</span> <span class='ocrx_word' id='word_1_29' title='bbox 983 333 1087 374; x_wconf 82' lang='lat' dir='ltr'>paleis</span> <span class='ocrx_word' id='word_1_30' title='bbox 1113 333 1433 371; x_wconf 84' lang='lat' dir='ltr'>costato-nervosis,</span> <span class='ocrx_word' id='word_1_31' title='bbox 1459 330 1546 363; x_wconf 83' lang='lat' dir='ltr'>soliis</span> <span class='ocrx_word' id='word_1_32' title='bbox 1559 331 1711 371; x_wconf 80' lang='lat' dir='ltr'>angustis</span> <span class='ocrx_word' id='word_1_33' title='bbox 1724 330 1804 363; x_wconf 90' lang='lat' dir='ltr'>bre-</span> 
     </span>
     <span class='ocr_line' id='line_1_6' title="bbox 512 373 1806 418; baseline -0.002 -9"><span class='ocrx_word' id='word_1_34' title='bbox 512 379 667 410; x_wconf 70' lang='lat' dir='ltr'>vissimis.</span> <span class='ocrx_word' id='word_1_35' title='bbox 687 378 794 410; x_wconf 82' lang='lat' dir='ltr'>—Ad</span> <span class='ocrx_word' id='word_1_36' title='bbox 818 379 927 409; x_wconf 89' lang='lat' dir='ltr'>sinum</span> <span class='ocrx_word' id='word_1_37' title='bbox 950 377 1114 418; x_wconf 80' lang='lat' dir='ltr'>Balssjord</span> <span class='ocrx_word' id='word_1_38' title='bbox 1140 377 1319 417; x_wconf 71' lang='lat' dir='ltr'>Norvegiae</span> <span class='ocrx_word' id='word_1_39' title='bbox 1343 376 1407 417; x_wconf 79' lang='lat' dir='ltr'>leg.</span> <span class='ocrx_word' id='word_1_40' title='bbox 1429 376 1513 408; x_wconf 66' lang='lat'>48⁴⁶</span> <span class='ocrx_word' id='word_1_41' title='bbox 1540 374 1583 407; x_wconf 89' lang='lat' dir='ltr'>ill.</span> <span class='ocrx_word' id='word_1_42' title='bbox 1597 373 1806 416; x_wconf 74' lang='lat' dir='ltr'>pros.Nils-—</span> 
     </span>
     <span class='ocr_line' id='line_1_7' title="bbox 513 421 1101 464; baseline 0 -11"><span class='ocrx_word' id='word_1_43' title='bbox 513 421 641 464; x_wconf 80' lang='lat' dir='ltr'>son(iu</span> <span class='ocrx_word' id='word_1_44' title='bbox 667 422 722 454; x_wconf 81' lang='lat' dir='ltr'>hb.</span> <span class='ocrx_word' id='word_1_45' title='bbox 748 422 903 454; x_wconf 86' lang='lat' dir='ltr'>Swartzii</span> <span class='ocrx_word' id='word_1_46' title='bbox 930 421 1101 456; x_wconf 78' lang='lat' dir='ltr'>vidimus).</span> 
     </span>
    </p>
   </div>
   <div class='ocr_carea' id='block_1_4' title="bbox 493 527 1539 581">
    <p class='ocr_par' dir='ltr' id='par_1_4' title="bbox 493 527 1539 581">
     <span class='ocr_line' id='line_1_8' title="bbox 493 527 1539 581; baseline -0.002 -14"><span class='ocrx_word' id='word_1_47' title='bbox 493 530 589 568; x_wconf 83' lang='lat' dir='ltr'>Gen.</span> <span class='ocrx_word' id='word_1_48' title='bbox 621 534 682 567; x_wconf 68' lang='lat'>14.</span> <span class='ocrx_word' id='word_1_49' title='bbox 714 530 1032 569; x_wconf 75' lang='lat' dir='ltr'><strong>ARCTOPfflLA</strong></span> <span class='ocrx_word' id='word_1_50' title='bbox 1063 531 1263 580; x_wconf 87' lang='lat' dir='ltr'>Ruprecht</span> <span class='ocrx_word' id='word_1_51' title='bbox 1295 530 1381 581; x_wconf 82' lang='lat' dir='ltr'>(sub</span> <span class='ocrx_word' id='word_1_52' title='bbox 1412 527 1539 577; x_wconf 79' lang='lat' dir='ltr'>Poa?).</span> 
     </span>
    </p>
   </div>
   <div class='ocr_carea' id='block_1_5' title="bbox 215 625 1810 1512">
    <p class='ocr_par' dir='ltr' id='par_1_5' title="bbox 215 625 1810 1512">
     <span class='ocr_line' id='line_1_9' title="bbox 327 625 1806 674; baseline -0.001 -9"><span class='ocrx_word' id='word_1_53' title='bbox 327 626 525 666; x_wconf 73' lang='lat' dir='ltr'>Pam&#39;cala</span> <span class='ocrx_word' id='word_1_54' title='bbox 570 639 736 673; x_wconf 84' lang='lat' dir='ltr'>ramosa,</span> <span class='ocrx_word' id='word_1_55' title='bbox 781 628 949 665; x_wconf 82' lang='lat' dir='ltr'>maxime</span> <span class='ocrx_word' id='word_1_56' title='bbox 987 627 1124 673; x_wconf 84' lang='lat' dir='ltr'>essusa3</span> <span class='ocrx_word' id='word_1_57' title='bbox 1156 629 1283 667; x_wconf 85' lang='lat' dir='ltr'>rachis</span> <span class='ocrx_word' id='word_1_58' title='bbox 1314 632 1430 674; x_wconf 87' lang='lat' dir='ltr'>teres,</span> <span class='ocrx_word' id='word_1_59' title='bbox 1460 630 1587 673; x_wconf 83' lang='lat' dir='ltr'>tenax,</span> <span class='ocrx_word' id='word_1_60' title='bbox 1618 625 1716 664; x_wconf 83' lang='lat' dir='ltr'>rami</span> <span class='ocrx_word' id='word_1_61' title='bbox 1745 636 1806 664; x_wconf 88' lang='lat' dir='ltr'>se-</span> 
     </span>
     <span class='ocr_line' id='line_1_10' title="bbox 215 690 1807 743; baseline -0.003 -11"><span class='ocrx_word' id='word_1_62' title='bbox 215 692 501 739; x_wconf 87' lang='lat' dir='ltr'>miverticillati,</span> <span class='ocrx_word' id='word_1_63' title='bbox 539 692 622 731; x_wconf 90' lang='lat' dir='ltr'>basi</span> <span class='ocrx_word' id='word_1_64' title='bbox 667 692 770 739; x_wconf 89' lang='lat' dir='ltr'>nudi,</span> <span class='ocrx_word' id='word_1_65' title='bbox 800 692 886 730; x_wconf 79' lang='lat' dir='ltr'>laxi.</span> <span class='ocrx_word' id='word_1_66' title='bbox 944 692 1114 743; x_wconf 70' lang='lat' dir='ltr'>Spiczdae</span> <span class='ocrx_word' id='word_1_67' title='bbox 1145 693 1417 739; x_wconf 81' lang='lat' dir='ltr'>teretiusculae,</span> <span class='ocrx_word' id='word_1_68' title='bbox 1447 690 1807 741; x_wconf 82' lang='lat' dir='ltr'>oblongo—lineares,</span> 
     </span>
     <span class='ocr_line' id='line_1_11' title="bbox 215 755 1807 807; baseline -0.002 -11"><span class='ocrx_word' id='word_1_69' title='bbox 215 757 492 805; x_wconf 77' lang='lat' dir='ltr'>2-multissorae,</span> <span class='ocrx_word' id='word_1_70' title='bbox 537 757 684 796; x_wconf 86' lang='lat' dir='ltr'>ssosculi</span> <span class='ocrx_word' id='word_1_71' title='bbox 727 757 849 804; x_wconf 88' lang='lat' dir='ltr'>liberi,</span> <span class='ocrx_word' id='word_1_72' title='bbox 893 757 1026 807; x_wconf 83' lang='lat' dir='ltr'>glabri,</span> <span class='ocrx_word' id='word_1_73' title='bbox 1063 758 1146 797; x_wconf 87' lang='lat' dir='ltr'>basi</span> <span class='ocrx_word' id='word_1_74' title='bbox 1195 759 1242 796; x_wconf 90' lang='lat' dir='ltr'>ad</span> <span class='ocrx_word' id='word_1_75' title='bbox 1278 758 1419 796; x_wconf 84' lang='lat' dir='ltr'>callum</span> <span class='ocrx_word' id='word_1_76' title='bbox 1448 757 1530 795; x_wconf 79' lang='lat' dir='ltr'>axis</span> <span class='ocrx_word' id='word_1_77' title='bbox 1559 756 1644 806; x_wconf 87' lang='lat' dir='ltr'>pilis</span> <span class='ocrx_word' id='word_1_78' title='bbox 1675 755 1807 805; x_wconf 83' lang='lat' dir='ltr'><strong>rigidis</strong></span> 
     </span>
     <span class='ocr_line' id='line_1_12' title="bbox 216 818 1808 877; baseline -0.001 -15"><span class='ocrx_word' id='word_1_79' title='bbox 216 824 399 863; x_wconf 86' lang='lat' dir='ltr'>brevibus</span> <span class='ocrx_word' id='word_1_80' title='bbox 431 823 558 870; x_wconf 88' lang='lat' dir='ltr'>cincti,</span> <span class='ocrx_word' id='word_1_81' title='bbox 588 823 730 862; x_wconf 90' lang='lat' dir='ltr'>summi</span> <span class='ocrx_word' id='word_1_82' title='bbox 763 820 906 877; x_wconf 79' lang='lat' dir='ltr'>(quum</span> <span class='ocrx_word' id='word_1_83' title='bbox 927 823 1057 873; x_wconf 89' lang='lat' dir='ltr'>plures</span> <span class='ocrx_word' id='word_1_84' title='bbox 1089 822 1242 876; x_wconf 86' lang='lat' dir='ltr'>adsunt)</span> <span class='ocrx_word' id='word_1_85' title='bbox 1263 823 1404 873; x_wconf 83' lang='lat' dir='ltr'>saepius</span> <span class='ocrx_word' id='word_1_86' title='bbox 1420 821 1678 860; x_wconf 81' lang='lat' dir='ltr'><strong>tabescentes.</strong></span> <span class='ocrx_word' id='word_1_87' title='bbox 1709 818 1808 860; x_wconf 74' lang='lat' dir='ltr'>Glu-</span> 
     </span>
     <span class='ocr_line' id='line_1_13' title="bbox 216 887 1808 939; baseline -0.003 -10"><span class='ocrx_word' id='word_1_88' title='bbox 216 902 290 929; x_wconf 82' lang='lat' dir='ltr'>moe</span> <span class='ocrx_word' id='word_1_89' title='bbox 318 889 571 939; x_wconf 81' lang='lat' dir='ltr'>subaequales,</span> <span class='ocrx_word' id='word_1_90' title='bbox 602 888 804 927; x_wconf 90' lang='lat' dir='ltr'>ssosculum</span> <span class='ocrx_word' id='word_1_91' title='bbox 834 889 1054 938; x_wconf 83' lang='lat' dir='ltr'>proximum</span> <span class='ocrx_word' id='word_1_92' title='bbox 1084 889 1368 939; x_wconf 85' lang='lat' dir='ltr'>subaequantes,</span> <span class='ocrx_word' id='word_1_93' title='bbox 1398 887 1808 938; x_wconf 82' lang='lat' dir='ltr'>paleaeeae‚convexae,</span> 
     </span>
     <span class='ocr_line' id='line_1_14' title="bbox 217 952 1809 1004; baseline -0.003 -11"><span class='ocrx_word' id='word_1_94' title='bbox 217 955 386 1001; x_wconf 85' lang='lat' dir='ltr'>muticae,</span> <span class='ocrx_word' id='word_1_95' title='bbox 417 954 577 992; x_wconf 81' lang='lat' dir='ltr'>inferior</span> <span class='ocrx_word' id='word_1_96' title='bbox 608 955 798 1001; x_wconf 85' lang='lat' dir='ltr'>5-nervia,</span> <span class='ocrx_word' id='word_1_97' title='bbox 827 954 1007 1004; x_wconf 77' lang='lat' dir='ltr'>superior</span> <span class='ocrx_word' id='word_1_98' title='bbox 1037 955 1228 993; x_wconf 76' lang='lat' dir='ltr'>5-nervia.</span> <span class='ocrx_word' id='word_1_99' title='bbox 1274 953 1402 992; x_wconf 79' lang='lat' dir='ltr'>Paleoe</span> <span class='ocrx_word' id='word_1_100' title='bbox 1419 952 1738 998; x_wconf 61' lang='lat' dir='ltr'>membranaceae,</span> <span class='ocrx_word' id='word_1_101' title='bbox 1754 952 1809 989; x_wconf 90' lang='lat' dir='ltr'>in-</span> 
     </span>
     <span class='ocr_line' id='line_1_15' title="bbox 217 1018 1807 1069; baseline -0.002 -11"><span class='ocrx_word' id='word_1_102' title='bbox 217 1019 382 1058; x_wconf 82' lang='lat' dir='ltr'>seriores</span> <span class='ocrx_word' id='word_1_103' title='bbox 413 1018 600 1066; x_wconf 82' lang='lat' dir='ltr'>obovatae,</span> <span class='ocrx_word' id='word_1_104' title='bbox 630 1019 737 1069; x_wconf 85' lang='lat' dir='ltr'>apice</span> <span class='ocrx_word' id='word_1_105' title='bbox 769 1019 844 1057; x_wconf 87' lang='lat' dir='ltr'>late</span> <span class='ocrx_word' id='word_1_106' title='bbox 875 1020 1046 1058; x_wconf 87' lang='lat' dir='ltr'>scarioso</span> <span class='ocrx_word' id='word_1_107' title='bbox 1077 1019 1236 1066; x_wconf 82' lang='lat' dir='ltr'>obtusae,</span> <span class='ocrx_word' id='word_1_108' title='bbox 1267 1019 1382 1058; x_wconf 88' lang='lat' dir='ltr'>dorso</span> <span class='ocrx_word' id='word_1_109' title='bbox 1413 1021 1572 1065; x_wconf 88' lang='lat' dir='ltr'>teretes,</span> <span class='ocrx_word' id='word_1_110' title='bbox 1589 1029 1709 1056; x_wconf 90' lang='lat' dir='ltr'>nervo</span> <span class='ocrx_word' id='word_1_111' title='bbox 1724 1028 1807 1055; x_wconf 89' lang='lat' dir='ltr'>me-</span> 
     </span>
     <span class='ocr_line' id='line_1_16' title="bbox 215 1082 1806 1133; baseline -0.001 -11"><span class='ocrx_word' id='word_1_112' title='bbox 215 1085 278 1122; x_wconf 89' lang='lat' dir='ltr'>dio</span> <span class='ocrx_word' id='word_1_113' title='bbox 309 1084 489 1122; x_wconf 88' lang='lat' dir='ltr'>distincto</span> <span class='ocrx_word' id='word_1_114' title='bbox 521 1083 742 1122; x_wconf 83' lang='lat' dir='ltr'>lateralibus</span> <span class='ocrx_word' id='word_1_115' title='bbox 774 1084 1068 1122; x_wconf 86' lang='lat' dir='ltr'>obsoletissimis</span> <span class='ocrx_word' id='word_1_116' title='bbox 1099 1085 1165 1122; x_wconf 84' lang='lat' dir='ltr'>sed</span> <span class='ocrx_word' id='word_1_117' title='bbox 1198 1084 1401 1133; x_wconf 73' lang='lat' dir='ltr'>parallelis,</span> <span class='ocrx_word' id='word_1_118' title='bbox 1432 1083 1545 1121; x_wconf 81' lang='lat' dir='ltr'>sulvae</span> <span class='ocrx_word' id='word_1_119' title='bbox 1576 1095 1611 1121; x_wconf 92' lang='lat' dir='ltr'>v.</span> <span class='ocrx_word' id='word_1_120' title='bbox 1628 1082 1734 1121; x_wconf 81' lang='lat' dir='ltr'>fulvo</span> <span class='ocrx_word' id='word_1_121' title='bbox 1753 1082 1806 1121; x_wconf 92' lang='lat' dir='ltr'>vi-</span> 
     </span>
     <span class='ocr_line' id='line_1_17' title="bbox 216 1147 1808 1198; baseline 0 -12"><span class='ocrx_word' id='word_1_122' title='bbox 216 1149 367 1186; x_wconf 89' lang='lat' dir='ltr'>olaceo-</span> <span class='ocrx_word' id='word_1_123' title='bbox 412 1149 632 1197; x_wconf 81' lang='lat' dir='ltr'>variegatae3</span> <span class='ocrx_word' id='word_1_124' title='bbox 664 1148 781 1198; x_wconf 60' lang='lat' dir='ltr'>palere</span> <span class='ocrx_word' id='word_1_125' title='bbox 812 1148 1036 1197; x_wconf 78' lang='lat' dir='ltr'>superiores</span> <span class='ocrx_word' id='word_1_126' title='bbox 1066 1148 1313 1187; x_wconf 77' lang='lat' dir='ltr'>inferioribus</span> <span class='ocrx_word' id='word_1_127' title='bbox 1344 1147 1544 1187; x_wconf 82' lang='lat' dir='ltr'>breviores</span> <span class='ocrx_word' id='word_1_128' title='bbox 1574 1147 1623 1185; x_wconf 88' lang='lat' dir='ltr'>ad</span> <span class='ocrx_word' id='word_1_129' title='bbox 1652 1147 1808 1186; x_wconf 83' lang='lat' dir='ltr'>ssexurae</span> 
     </span>
     <span class='ocr_line' id='line_1_18' title="bbox 216 1212 1807 1262; baseline -0.001 -11"><span class='ocrx_word' id='word_1_130' title='bbox 216 1213 375 1262; x_wconf 85' lang='lat' dir='ltr'>angulos</span> <span class='ocrx_word' id='word_1_131' title='bbox 406 1213 621 1251; x_wconf 86' lang='lat' dir='ltr'>rotundatae</span> <span class='ocrx_word' id='word_1_132' title='bbox 653 1213 894 1262; x_wconf 80' lang='lat' dir='ltr'>glaberrimae</span> <span class='ocrx_word' id='word_1_133' title='bbox 925 1213 1032 1262; x_wconf 85' lang='lat' dir='ltr'>apice</span> <span class='ocrx_word' id='word_1_134' title='bbox 1063 1212 1200 1250; x_wconf 79' lang='lat' dir='ltr'>bifidae.</span> <span class='ocrx_word' id='word_1_135' title='bbox 1246 1213 1442 1252; x_wconf 70' lang='lat' dir='ltr'>Locliculoe</span> <span class='ocrx_word' id='word_1_136' title='bbox 1471 1224 1655 1260; x_wconf 73' lang='lat' dir='ltr'>carnosae,</span> <span class='ocrx_word' id='word_1_137' title='bbox 1678 1213 1807 1251; x_wconf 87' lang='lat' dir='ltr'>medio</span> 
     </span>
     <span class='ocr_line' id='line_1_19' title="bbox 216 1276 1810 1331; baseline 0 -15"><span class='ocrx_word' id='word_1_138' title='bbox 216 1279 385 1324; x_wconf 89' lang='lat' dir='ltr'>latiores,</span> <span class='ocrx_word' id='word_1_139' title='bbox 429 1279 537 1328; x_wconf 84' lang='lat' dir='ltr'>apice</span> <span class='ocrx_word' id='word_1_140' title='bbox 582 1281 716 1331; x_wconf 70' lang='lat' dir='ltr'>amtae,</span> <span class='ocrx_word' id='word_1_141' title='bbox 755 1278 837 1315; x_wconf 88' lang='lat' dir='ltr'>basi</span> <span class='ocrx_word' id='word_1_142' title='bbox 868 1277 1084 1316; x_wconf 86' lang='lat' dir='ltr'>subliberae.</span> <span class='ocrx_word' id='word_1_143' title='bbox 1142 1276 1309 1317; x_wconf 76' lang='lat' dir='ltr'>Germen</span> <span class='ocrx_word' id='word_1_144' title='bbox 1339 1277 1528 1328; x_wconf 81' lang='lat' dir='ltr'>glabrum3</span> <span class='ocrx_word' id='word_1_145' title='bbox 1557 1277 1646 1328; x_wconf 72' lang='lat' dir='ltr'>scyli</span> <span class='ocrx_word' id='word_1_146' title='bbox 1674 1277 1810 1316; x_wconf 87' lang='lat' dir='ltr'>termi-</span> 
     </span>
     <span class='ocr_line' id='line_1_20' title="bbox 221 1342 1809 1394; baseline 0 -14"><span class='ocrx_word' id='word_1_147' title='bbox 221 1343 339 1391; x_wconf 84' lang='lat' dir='ltr'>nales,</span> <span class='ocrx_word' id='word_1_148' title='bbox 369 1344 550 1390; x_wconf 88' lang='lat' dir='ltr'>distincti,</span> <span class='ocrx_word' id='word_1_149' title='bbox 581 1343 926 1393; x_wconf 80' lang='lat' dir='ltr'>subpersistentes3</span> <span class='ocrx_word' id='word_1_150' title='bbox 956 1344 1146 1393; x_wconf 71' lang='lat' dir='ltr'>sciqmata</span> <span class='ocrx_word' id='word_1_151' title='bbox 1177 1344 1364 1394; x_wconf 86' lang='lat' dir='ltr'>plumosa.</span> <span class='ocrx_word' id='word_1_152' title='bbox 1408 1342 1618 1394; x_wconf 57' lang='lat' dir='ltr'>Carpopsis</span> <span class='ocrx_word' id='word_1_153' title='bbox 1646 1342 1809 1391; x_wconf 81' lang='lat' dir='ltr'>oblonga</span> 
     </span>
     <span class='ocr_line' id='line_1_21' title="bbox 217 1407 1808 1459; baseline -0.001 -13"><span class='ocrx_word' id='word_1_154' title='bbox 217 1408 369 1453; x_wconf 87' lang='lat' dir='ltr'>obtusa,</span> <span class='ocrx_word' id='word_1_155' title='bbox 411 1409 526 1447; x_wconf 88' lang='lat' dir='ltr'>dorso</span> <span class='ocrx_word' id='word_1_156' title='bbox 562 1409 735 1447; x_wconf 88' lang='lat' dir='ltr'>carinato</span> <span class='ocrx_word' id='word_1_157' title='bbox 768 1409 1025 1458; x_wconf 82' lang='lat' dir='ltr'>triangularis,</span> <span class='ocrx_word' id='word_1_158' title='bbox 1055 1409 1177 1448; x_wconf 86' lang='lat' dir='ltr'>latere</span> <span class='ocrx_word' id='word_1_159' title='bbox 1208 1409 1274 1447; x_wconf 88' lang='lat' dir='ltr'>int.</span> <span class='ocrx_word' id='word_1_160' title='bbox 1305 1409 1495 1459; x_wconf 81' lang='lat' dir='ltr'>profunde</span> <span class='ocrx_word' id='word_1_161' title='bbox 1525 1407 1808 1457; x_wconf 81' lang='lat' dir='ltr'>longitudinali—</span> 
     </span>
     <span class='ocr_line' id='line_1_22' title="bbox 222 1473 471 1512; baseline 0.004 -1"><span class='ocrx_word' id='word_1_162' title='bbox 222 1477 281 1512; x_wconf 89' lang='lat' dir='ltr'>ter</span> <span class='ocrx_word' id='word_1_163' title='bbox 311 1473 471 1512; x_wconf 83' lang='lat' dir='ltr'>sulcata.</span> 
     </span>
    </p>
   </div>
   <div class='ocr_carea' id='block_1_6' title="bbox 217 1548 1808 1637">
    <p class='ocr_par' dir='ltr' id='par_1_6' title="bbox 217 1548 1808 1637">
     <span class='ocr_line' id='line_1_23' title="bbox 309 1548 1808 1593; baseline 0 -12"><span class='ocrx_word' id='word_1_164' title='bbox 309 1550 499 1593; x_wconf 61' lang='lat' dir='ltr'>Rufri-ecla:</span> <span class='ocrx_word' id='word_1_165' title='bbox 535 1551 651 1583; x_wconf 84' lang='lat' dir='ltr'>Flores</span> <span class='ocrx_word' id='word_1_166' title='bbox 676 1549 938 1591; x_wconf 86' lang='lat' dir='ltr'>Samojedorum</span> <span class='ocrx_word' id='word_1_167' title='bbox 966 1550 1016 1590; x_wconf 86' lang='lat' dir='ltr'>(in</span> <span class='ocrx_word' id='word_1_168' title='bbox 1040 1551 1139 1582; x_wconf 85' lang='lat' dir='ltr'>Beitr.</span> <span class='ocrx_word' id='word_1_169' title='bbox 1164 1560 1224 1582; x_wconf 91' lang='lat' dir='ltr'>zur</span> <span class='ocrx_word' id='word_1_170' title='bbox 1248 1550 1523 1582; x_wconf 83' lang='lat' dir='ltr'>Pflanzenkunde</span> <span class='ocrx_word' id='word_1_171' title='bbox 1549 1550 1580 1581; x_wconf 88' lang='lat' dir='ltr'>d.</span> <span class='ocrx_word' id='word_1_172' title='bbox 1605 1549 1702 1582; x_wconf 86' lang='lat' dir='ltr'>Russ.</span> <span class='ocrx_word' id='word_1_173' title='bbox 1727 1548 1808 1581; x_wconf 79' lang='lat' dir='ltr'>Rei-</span> 
     </span>
     <span class='ocr_line' id='line_1_24' title="bbox 217 1593 1381 1637; baseline -0.001 -10"><span class='ocrx_word' id='word_1_174' title='bbox 217 1595 309 1627; x_wconf 80' lang='lat' dir='ltr'>Ghes.</span> <span class='ocrx_word' id='word_1_175' title='bbox 334 1596 353 1627; x_wconf 71' lang='lat'><strong>2</strong></span> <span class='ocrx_word' id='word_1_176' title='bbox 378 1593 473 1635; x_wconf 84' lang='lat' dir='ltr'>Lief.)</span> <span class='ocrx_word' id='word_1_177' title='bbox 500 1604 532 1636; x_wconf 89' lang='lat' dir='ltr'>p.</span> <span class='ocrx_word' id='word_1_178' title='bbox 557 1594 678 1627; x_wconf 72' lang='lat'><strong>62-64.</strong></span> <span class='ocrx_word' id='word_1_179' title='bbox 724 1594 792 1627; x_wconf 69' lang='lat' dir='ltr'>Po‘d</span> <span class='ocrx_word' id='word_1_180' title='bbox 818 1594 917 1626; x_wconf 83' lang='lat' dir='ltr'>Trin.</span> <span class='ocrx_word' id='word_1_181' title='bbox 943 1595 1113 1637; x_wconf 70' lang='lat' dir='ltr'>Glyceria</span> <span class='ocrx_word' id='word_1_182' title='bbox 1137 1595 1242 1637; x_wconf 73' lang='lat' dir='ltr'>lng.</span> <span class='ocrx_word' id='word_1_183' title='bbox 1268 1596 1381 1627; x_wconf 76' lang='lat' dir='ltr'>Fries.</span> 
     </span>
    </p>
   </div>
   <div class='ocr_carea' id='block_1_7' title="bbox 216 1658 1812 2805">
    <p class='ocr_par' dir='ltr' id='par_1_7' title="bbox 216 1658 1811 2232">
     <span class='ocr_line' id='line_1_25' title="bbox 306 1658 1807 1701; baseline -0.001 -9"><span class='ocrx_word' id='word_1_184' title='bbox 306 1659 370 1692; x_wconf 87' lang='lat' dir='ltr'>Oh</span> <span class='ocrx_word' id='word_1_185' title='bbox 383 1670 410 1692; x_wconf 88' lang='lat' dir='ltr'>s.</span> <span class='ocrx_word' id='word_1_186' title='bbox 437 1661 466 1692; x_wconf 74' lang='lat'>4.</span> <span class='ocrx_word' id='word_1_187' title='bbox 491 1659 606 1693; x_wconf 89' lang='lat' dir='ltr'>Genus</span> <span class='ocrx_word' id='word_1_188' title='bbox 632 1660 767 1692; x_wconf 89' lang='lat' dir='ltr'>omnino</span> <span class='ocrx_word' id='word_1_189' title='bbox 794 1660 968 1698; x_wconf 79' lang='lat' dir='ltr'>arcticum,</span> <span class='ocrx_word' id='word_1_190' title='bbox 995 1660 1025 1691; x_wconf 90' lang='lat' dir='ltr'>in</span> <span class='ocrx_word' id='word_1_191' title='bbox 1051 1660 1251 1701; x_wconf 81' lang='lat' dir='ltr'>regionibus</span> <span class='ocrx_word' id='word_1_192' title='bbox 1275 1659 1403 1701; x_wconf 80' lang='lat' dir='ltr'>frigidis</span> <span class='ocrx_word' id='word_1_193' title='bbox 1427 1659 1546 1692; x_wconf 79' lang='lat' dir='ltr'>formis</span> <span class='ocrx_word' id='word_1_194' title='bbox 1572 1669 1602 1692; x_wconf 86' lang='lat' dir='ltr'>v.</span> <span class='ocrx_word' id='word_1_195' title='bbox 1625 1658 1807 1701; x_wconf 79' lang='lat' dir='ltr'>speciebus</span> 
     </span>
     <span class='ocr_line' id='line_1_26' title="bbox 220 1703 1809 1748; baseline 0 -12"><span class='ocrx_word' id='word_1_196' title='bbox 220 1706 412 1737; x_wconf 82' lang='lat' dir='ltr'>numerosis</span> <span class='ocrx_word' id='word_1_197' title='bbox 448 1703 666 1746; x_wconf 84' lang='lat' dir='ltr'>praepollens,</span> <span class='ocrx_word' id='word_1_198' title='bbox 703 1712 792 1736; x_wconf 86' lang='lat' dir='ltr'>nunc</span> <span class='ocrx_word' id='word_1_199' title='bbox 827 1705 907 1736; x_wconf 82' lang='lat' dir='ltr'>Pooe</span> <span class='ocrx_word' id='word_1_200' title='bbox 938 1713 1028 1736; x_wconf 88' lang='lat' dir='ltr'>nunc</span> <span class='ocrx_word' id='word_1_201' title='bbox 1051 1706 1228 1748; x_wconf 78' lang='lat' dir='ltr'>Glycerioe</span> <span class='ocrx_word' id='word_1_202' title='bbox 1252 1704 1461 1746; x_wconf 86' lang='lat' dir='ltr'>adscriptum</span> <span class='ocrx_word' id='word_1_203' title='bbox 1486 1703 1557 1736; x_wconf 78' lang='lat' dir='ltr'>suit.</span> <span class='ocrx_word' id='word_1_204' title='bbox 1601 1703 1630 1736; x_wconf 89' lang='lat' dir='ltr'>A</span> <span class='ocrx_word' id='word_1_205' title='bbox 1652 1704 1725 1736; x_wconf 79' lang='lat' dir='ltr'>Pon</span> <span class='ocrx_word' id='word_1_206' title='bbox 1748 1712 1809 1735; x_wconf 88' lang='lat' dir='ltr'>su-</span> 
     </span>
     <span class='ocr_line' id='line_1_27' title="bbox 217 1747 1808 1791; baseline -0.001 -10"><span class='ocrx_word' id='word_1_207' title='bbox 217 1749 349 1791; x_wconf 84' lang='lat' dir='ltr'>perflue</span> <span class='ocrx_word' id='word_1_208' title='bbox 383 1748 506 1781; x_wconf 82' lang='lat' dir='ltr'>differt:</span> <span class='ocrx_word' id='word_1_209' title='bbox 543 1749 681 1790; x_wconf 82' lang='lat' dir='ltr'>spiculis</span> <span class='ocrx_word' id='word_1_210' title='bbox 715 1748 931 1790; x_wconf 84' lang='lat' dir='ltr'>glaberrimis</span> <span class='ocrx_word' id='word_1_211' title='bbox 962 1749 1192 1781; x_wconf 71' lang='lat' dir='ltr'>teretiusculis</span> <span class='ocrx_word' id='word_1_212' title='bbox 1216 1757 1282 1780; x_wconf 90' lang='lat' dir='ltr'>nec</span> <span class='ocrx_word' id='word_1_213' title='bbox 1304 1748 1426 1789; x_wconf 82' lang='lat' dir='ltr'>glumis</span> <span class='ocrx_word' id='word_1_214' title='bbox 1450 1747 1626 1790; x_wconf 85' lang='lat' dir='ltr'>paleisque</span> <span class='ocrx_word' id='word_1_215' title='bbox 1651 1747 1808 1780; x_wconf 87' lang='lat' dir='ltr'>carinatis</span> 
     </span>
     <span class='ocr_line' id='line_1_28' title="bbox 217 1792 1811 1836; baseline -0.002 -10"><span class='ocrx_word' id='word_1_216' title='bbox 217 1794 436 1835; x_wconf 80' lang='lat' dir='ltr'>compressis,</span> <span class='ocrx_word' id='word_1_217' title='bbox 461 1793 611 1825; x_wconf 83' lang='lat' dir='ltr'>flosculis</span> <span class='ocrx_word' id='word_1_218' title='bbox 635 1793 779 1833; x_wconf 67' lang='lat' dir='ltr'>obtusis,</span> <span class='ocrx_word' id='word_1_219' title='bbox 806 1801 825 1825; x_wconf 88' lang='lat' dir='ltr'>a</span> <span class='ocrx_word' id='word_1_220' title='bbox 849 1793 1015 1836; x_wconf 71' lang='lat' dir='ltr'>Glyceria</span> <span class='ocrx_word' id='word_1_221' title='bbox 1040 1793 1146 1834; x_wconf 82' lang='lat' dir='ltr'>paleis</span> <span class='ocrx_word' id='word_1_222' title='bbox 1171 1794 1355 1826; x_wconf 88' lang='lat' dir='ltr'>uninerviis</span> <span class='ocrx_word' id='word_1_223' title='bbox 1369 1792 1723 1834; x_wconf 80' lang='lat' dir='ltr'>ecostatis,scariosis‚</span> <span class='ocrx_word' id='word_1_224' title='bbox 1738 1792 1811 1833; x_wconf 82' lang='lat' dir='ltr'>sty-</span> 
     </span>
     <span class='ocr_line' id='line_1_29' title="bbox 218 1834 1810 1883; baseline -0.001 -13"><span class='ocrx_word' id='word_1_225' title='bbox 218 1838 250 1870; x_wconf 91' lang='lat' dir='ltr'>lo</span> <span class='ocrx_word' id='word_1_226' title='bbox 287 1838 490 1879; x_wconf 80' lang='lat' dir='ltr'>persistente</span> <span class='ocrx_word' id='word_1_227' title='bbox 526 1838 652 1877; x_wconf 87' lang='lat' dir='ltr'>erecto,</span> <span class='ocrx_word' id='word_1_228' title='bbox 691 1837 889 1878; x_wconf 79' lang='lat' dir='ltr'>caryopside</span> <span class='ocrx_word' id='word_1_229' title='bbox 926 1837 1029 1869; x_wconf 85' lang='lat' dir='ltr'>dorso</span> <span class='ocrx_word' id='word_1_230' title='bbox 1055 1838 1217 1879; x_wconf 58' lang='lat' dir='ltr'>carinatas,</span> <span class='ocrx_word' id='word_1_231' title='bbox 1244 1837 1286 1869; x_wconf 88' lang='lat' dir='ltr'>ab</span> <span class='ocrx_word' id='word_1_232' title='bbox 1310 1845 1460 1883; x_wconf 78' lang='lat' dir='ltr'>utraque</span> <span class='ocrx_word' id='word_1_233' title='bbox 1484 1837 1606 1878; x_wconf 81' lang='lat' dir='ltr'>glumis</span> <span class='ocrx_word' id='word_1_234' title='bbox 1630 1834 1810 1869; x_wconf 86' lang='lat' dir='ltr'>flosculum</span> 
     </span>
     <span class='ocr_line' id='line_1_30' title="bbox 219 1880 1810 1924; baseline -0.001 -11"><span class='ocrx_word' id='word_1_235' title='bbox 219 1883 412 1924; x_wconf 84' lang='lat' dir='ltr'>proximum</span> <span class='ocrx_word' id='word_1_236' title='bbox 443 1881 725 1922; x_wconf 74' lang='lat' dir='ltr'>subaequantibus</span> <span class='ocrx_word' id='word_1_237' title='bbox 751 1883 784 1912; x_wconf 84' lang='lat' dir='ltr'>et</span> <span class='ocrx_word' id='word_1_238' title='bbox 808 1881 956 1913; x_wconf 84' lang='lat' dir='ltr'>flosculis</span> <span class='ocrx_word' id='word_1_239' title='bbox 981 1882 1056 1922; x_wconf 88' lang='lat' dir='ltr'>pilis</span> <span class='ocrx_word' id='word_1_240' title='bbox 1080 1882 1196 1922; x_wconf 80' lang='lat' dir='ltr'>rigidis</span> <span class='ocrx_word' id='word_1_241' title='bbox 1220 1881 1394 1923; x_wconf 88' lang='lat' dir='ltr'>brevibus,</span> <span class='ocrx_word' id='word_1_242' title='bbox 1420 1890 1439 1913; x_wconf 87' lang='lat' dir='ltr'>e</span> <span class='ocrx_word' id='word_1_243' title='bbox 1464 1880 1550 1914; x_wconf 89' lang='lat' dir='ltr'>callo</span> <span class='ocrx_word' id='word_1_244' title='bbox 1574 1881 1648 1915; x_wconf 79' lang='lat' dir='ltr'>axis</span> <span class='ocrx_word' id='word_1_245' title='bbox 1672 1880 1810 1922; x_wconf 83' lang='lat' dir='ltr'>egredi-</span> 
     </span>
     <span class='ocr_line' id='line_1_31' title="bbox 216 1925 1810 1967; baseline 0 -11"><span class='ocrx_word' id='word_1_246' title='bbox 216 1925 363 1965; x_wconf 80' lang='lat' dir='ltr'>entibus,</span> <span class='ocrx_word' id='word_1_247' title='bbox 410 1925 484 1956; x_wconf 85' lang='lat' dir='ltr'>basi</span> <span class='ocrx_word' id='word_1_248' title='bbox 522 1925 649 1967; x_wconf 85' lang='lat' dir='ltr'>cinctis,</span> <span class='ocrx_word' id='word_1_249' title='bbox 698 1925 821 1966; x_wconf 87' lang='lat' dir='ltr'>quibus</span> <span class='ocrx_word' id='word_1_250' title='bbox 859 1925 1113 1957; x_wconf 79' lang='lat' dir='ltr'>characteribus</span> <span class='ocrx_word' id='word_1_251' title='bbox 1150 1926 1193 1958; x_wconf 78' lang='lat' dir='ltr'>ad</span> <span class='ocrx_word' id='word_1_252' title='bbox 1229 1929 1426 1958; x_wconf 75' lang='lat' dir='ltr'>Avenaceas</span> <span class='ocrx_word' id='word_1_253' title='bbox 1463 1925 1654 1958; x_wconf 81' lang='lat' dir='ltr'>luculenter</span> <span class='ocrx_word' id='word_1_254' title='bbox 1688 1925 1810 1957; x_wconf 76' lang='lat' dir='ltr'>transit</span> 
     </span>
     <span class='ocr_line' id='line_1_32' title="bbox 220 1968 1809 2014; baseline -0.001 -13"><span class='ocrx_word' id='word_1_255' title='bbox 220 1969 298 2011; x_wconf 86' lang='lat' dir='ltr'>(sed</span> <span class='ocrx_word' id='word_1_256' title='bbox 320 1968 430 2010; x_wconf 76' lang='lat' dir='ltr'>paleae</span> <span class='ocrx_word' id='word_1_257' title='bbox 455 1969 633 2008; x_wconf 82' lang='lat' dir='ltr'>muticael).</span> <span class='ocrx_word' id='word_1_258' title='bbox 658 1986 698 1992; x_wconf 90' lang='lat'>--</span> <span class='ocrx_word' id='word_1_259' title='bbox 726 1969 859 2010; x_wconf 79' lang='lat' dir='ltr'>[Exstat</span> <span class='ocrx_word' id='word_1_260' title='bbox 883 1970 985 2001; x_wconf 85' lang='lat' dir='ltr'>etiam</span> <span class='ocrx_word' id='word_1_261' title='bbox 1009 1978 1116 2009; x_wconf 83' lang='lat' dir='ltr'>genus</span> <span class='ocrx_word' id='word_1_262' title='bbox 1141 1969 1232 2002; x_wconf 89' lang='lat' dir='ltr'>aliud</span> <span class='ocrx_word' id='word_1_263' title='bbox 1256 1971 1431 2009; x_wconf 75' lang='lat' dir='ltr'>arcticum,</span> <span class='ocrx_word' id='word_1_264' title='bbox 1457 1978 1505 2002; x_wconf 90' lang='lat' dir='ltr'>sc.</span> <span class='ocrx_word' id='word_1_265' title='bbox 1521 1970 1703 2014; x_wconf 79' lang='lat' dir='ltr'>Dupontia</span> <span class='ocrx_word' id='word_1_266' title='bbox 1714 1968 1809 2001; x_wconf 87' lang='lat' dir='ltr'>R.Br.</span> 
     </span>
     <span class='ocr_line' id='line_1_33' title="bbox 221 2012 1810 2055; baseline -0.001 -9"><span class='ocrx_word' id='word_1_267' title='bbox 221 2013 313 2055; x_wconf 88' lang='lat' dir='ltr'>quod</span> <span class='ocrx_word' id='word_1_268' title='bbox 350 2013 472 2053; x_wconf 82' lang='lat' dir='ltr'>glumis</span> <span class='ocrx_word' id='word_1_269' title='bbox 504 2013 664 2045; x_wconf 78' lang='lat' dir='ltr'>flosculos</span> <span class='ocrx_word' id='word_1_270' title='bbox 695 2022 776 2045; x_wconf 88' lang='lat' dir='ltr'>suos</span> <span class='ocrx_word' id='word_1_271' title='bbox 802 2013 912 2054; x_wconf 77' lang='lat' dir='ltr'>typice</span> <span class='ocrx_word' id='word_1_272' title='bbox 935 2013 1176 2054; x_wconf 81' lang='lat' dir='ltr'>superantibus</span> <span class='ocrx_word' id='word_1_273' title='bbox 1202 2015 1317 2054; x_wconf 84' lang='lat' dir='ltr'>generi</span> <span class='ocrx_word' id='word_1_274' title='bbox 1342 2015 1441 2046; x_wconf 79' lang='lat' dir='ltr'>Airae</span> <span class='ocrx_word' id='word_1_275' title='bbox 1465 2013 1568 2046; x_wconf 83' lang='lat' dir='ltr'>affine</span> <span class='ocrx_word' id='word_1_276' title='bbox 1592 2012 1810 2054; x_wconf 82' lang='lat' dir='ltr'>probandum</span> 
     </span>
     <span class='ocr_line' id='line_1_34' title="bbox 219 2057 1811 2101; baseline -0.001 -11"><span class='ocrx_word' id='word_1_277' title='bbox 219 2059 281 2099; x_wconf 88' lang='lat' dir='ltr'>est,</span> <span class='ocrx_word' id='word_1_278' title='bbox 317 2057 380 2089; x_wconf 86' lang='lat' dir='ltr'>sed</span> <span class='ocrx_word' id='word_1_279' title='bbox 415 2058 672 2090; x_wconf 85' lang='lat' dir='ltr'>constructione</span> <span class='ocrx_word' id='word_1_280' title='bbox 702 2057 924 2089; x_wconf 86' lang='lat' dir='ltr'>flosculorum</span> <span class='ocrx_word' id='word_1_281' title='bbox 949 2058 1155 2089; x_wconf 85' lang='lat' dir='ltr'>muticorum</span> <span class='ocrx_word' id='word_1_282' title='bbox 1180 2058 1236 2090; x_wconf 60' lang='lat' dir='ltr'>&amp;a</span> <span class='ocrx_word' id='word_1_283' title='bbox 1261 2059 1444 2101; x_wconf 69' lang='lat' dir='ltr'>Glycerias</span> <span class='ocrx_word' id='word_1_284' title='bbox 1467 2066 1537 2089; x_wconf 88' lang='lat' dir='ltr'>non</span> <span class='ocrx_word' id='word_1_285' title='bbox 1560 2066 1683 2099; x_wconf 87' lang='lat' dir='ltr'>parum</span> <span class='ocrx_word' id='word_1_286' title='bbox 1708 2064 1811 2089; x_wconf 88' lang='lat' dir='ltr'>revo-</span> 
     </span>
     <span class='ocr_line' id='line_1_35' title="bbox 220 2101 1811 2143; baseline -0.001 -9"><span class='ocrx_word' id='word_1_287' title='bbox 220 2101 300 2143; x_wconf 62' lang='lat' dir='ltr'>cat]</span> <span class='ocrx_word' id='word_1_288' title='bbox 343 2119 377 2124; x_wconf 82' lang='lat'>—-</span> <span class='ocrx_word' id='word_1_289' title='bbox 413 2101 554 2134; x_wconf 84' lang='lat' dir='ltr'>Habitus</span> <span class='ocrx_word' id='word_1_290' title='bbox 580 2102 726 2142; x_wconf 86' lang='lat' dir='ltr'>denique</span> <span class='ocrx_word' id='word_1_291' title='bbox 750 2103 841 2134; x_wconf 80' lang='lat' dir='ltr'>totus</span> <span class='ocrx_word' id='word_1_292' title='bbox 866 2101 1034 2142; x_wconf 63' lang='lat' dir='ltr'>paniculae</span> <span class='ocrx_word' id='word_1_293' title='bbox 1059 2101 1209 2134; x_wconf 86' lang='lat' dir='ltr'>nutantis</span> <span class='ocrx_word' id='word_1_294' title='bbox 1233 2101 1461 2143; x_wconf 80' lang='lat' dir='ltr'>fulvescentis,</span> <span class='ocrx_word' id='word_1_295' title='bbox 1488 2102 1591 2134; x_wconf 88' lang='lat' dir='ltr'>culmi</span> <span class='ocrx_word' id='word_1_296' title='bbox 1614 2101 1689 2133; x_wconf 86' lang='lat' dir='ltr'>basi</span> <span class='ocrx_word' id='word_1_297' title='bbox 1712 2102 1811 2141; x_wconf 86' lang='lat' dir='ltr'>vagi-</span> 
     </span>
     <span class='ocr_line' id='line_1_36' title="bbox 221 2145 1810 2187; baseline -0.001 -9"><span class='ocrx_word' id='word_1_298' title='bbox 221 2147 289 2178; x_wconf 84' lang='lat' dir='ltr'>nati</span> <span class='ocrx_word' id='word_1_299' title='bbox 326 2145 519 2178; x_wconf 84' lang='lat' dir='ltr'>nudiusculi</span> <span class='ocrx_word' id='word_1_300' title='bbox 555 2146 621 2187; x_wconf 58' lang='lat' dir='ltr'>iiic„</span> <span class='ocrx_word' id='word_1_301' title='bbox 660 2154 722 2178; x_wconf 88' lang='lat' dir='ltr'>nec</span> <span class='ocrx_word' id='word_1_302' title='bbox 759 2154 823 2177; x_wconf 90' lang='lat' dir='ltr'>non</span> <span class='ocrx_word' id='word_1_303' title='bbox 850 2146 1005 2178; x_wconf 83' lang='lat' dir='ltr'>centrum</span> <span class='ocrx_word' id='word_1_304' title='bbox 1031 2145 1249 2178; x_wconf 78' lang='lat' dir='ltr'>habitationis</span> <span class='ocrx_word' id='word_1_305' title='bbox 1273 2147 1305 2177; x_wconf 88' lang='lat' dir='ltr'>in</span> <span class='ocrx_word' id='word_1_306' title='bbox 1330 2147 1430 2177; x_wconf 86' lang='lat' dir='ltr'>terris</span> <span class='ocrx_word' id='word_1_307' title='bbox 1455 2145 1590 2178; x_wconf 84' lang='lat' dir='ltr'>arcticis</span> <span class='ocrx_word' id='word_1_308' title='bbox 1615 2145 1682 2178; x_wconf 88' lang='lat' dir='ltr'>hoc</span> <span class='ocrx_word' id='word_1_309' title='bbox 1699 2153 1810 2186; x_wconf 84' lang='lat' dir='ltr'>genus</span> 
     </span>
     <span class='ocr_line' id='line_1_37' title="bbox 222 2190 852 2232; baseline -0.002 -10"><span class='ocrx_word' id='word_1_310' title='bbox 222 2192 351 2232; x_wconf 88' lang='lat' dir='ltr'>optime</span> <span class='ocrx_word' id='word_1_311' title='bbox 376 2190 574 2222; x_wconf 84' lang='lat' dir='ltr'>distinctum</span> <span class='ocrx_word' id='word_1_312' title='bbox 599 2199 674 2222; x_wconf 86' lang='lat' dir='ltr'>esse</span> <span class='ocrx_word' id='word_1_313' title='bbox 700 2190 852 2222; x_wconf 82' lang='lat' dir='ltr'>monent.</span> 
     </span>
    </p>

    <p class='ocr_par' dir='ltr' id='par_1_8' title="bbox 221 2231 1812 2805">
     <span class='ocr_line' id='line_1_38' title="bbox 312 2231 1811 2278; baseline -0.001 -11"><span class='ocrx_word' id='word_1_314' title='bbox 312 2235 406 2267; x_wconf 88' lang='lat' dir='ltr'>Obs.</span> <span class='ocrx_word' id='word_1_315' title='bbox 432 2236 463 2267; x_wconf 73' lang='lat'>2.</span> <span class='ocrx_word' id='word_1_316' title='bbox 487 2234 619 2266; x_wconf 85' lang='lat' dir='ltr'>Novem</span> <span class='ocrx_word' id='word_1_317' title='bbox 643 2234 741 2275; x_wconf 82' lang='lat' dir='ltr'>nujus</span> <span class='ocrx_word' id='word_1_318' title='bbox 766 2235 898 2274; x_wconf 83' lang='lat' dir='ltr'>generis</span> <span class='ocrx_word' id='word_1_319' title='bbox 922 2235 1055 2275; x_wconf 81' lang='lat' dir='ltr'>species</span> <span class='ocrx_word' id='word_1_320' title='bbox 1079 2236 1114 2266; x_wconf 84' lang='lat' dir='ltr'>in</span> <span class='ocrx_word' id='word_1_321' title='bbox 1138 2243 1252 2278; x_wconf 86' lang='lat' dir='ltr'>opere,</span> <span class='ocrx_word' id='word_1_322' title='bbox 1278 2233 1518 2276; x_wconf 73' lang='lat' dir='ltr'>quod&#39;⁷Flores</span> <span class='ocrx_word' id='word_1_323' title='bbox 1531 2231 1811 2274; x_wconf 85' lang='lat' dir='ltr'>Samojedorum”</span> 
     </span>
     <span class='ocr_line' id='line_1_39' title="bbox 224 2277 1810 2321; baseline 0 -11"><span class='ocrx_word' id='word_1_324' title='bbox 224 2279 429 2321; x_wconf 82' lang='lat' dir='ltr'>inscribitur,</span> <span class='ocrx_word' id='word_1_325' title='bbox 458 2278 507 2321; x_wconf 91' lang='lat' dir='ltr'>(p.</span> <span class='ocrx_word' id='word_1_326' title='bbox 533 2279 655 2319; x_wconf 74' lang='lat'>62-63)</span> <span class='ocrx_word' id='word_1_327' title='bbox 683 2281 859 2311; x_wconf 86' lang='lat' dir='ltr'>enumerat</span> <span class='ocrx_word' id='word_1_328' title='bbox 882 2278 927 2310; x_wconf 92' lang='lat' dir='ltr'>ill.</span> <span class='ocrx_word' id='word_1_329' title='bbox 951 2278 1183 2320; x_wconf 84' lang='lat' dir='ltr'>Ruprecht,</span> <span class='ocrx_word' id='word_1_330' title='bbox 1209 2288 1259 2312; x_wconf 89' lang='lat' dir='ltr'>sc.</span> <span class='ocrx_word' id='word_1_331' title='bbox 1283 2283 1319 2311; x_wconf 88' lang='lat' dir='ltr'>A.</span> <span class='ocrx_word' id='word_1_332' title='bbox 1346 2279 1514 2311; x_wconf 80' lang='lat' dir='ltr'>deflexam</span> <span class='ocrx_word' id='word_1_333' title='bbox 1546 2278 1583 2311; x_wconf 89' lang='lat' dir='ltr'>A.</span> <span class='ocrx_word' id='word_1_334' title='bbox 1603 2277 1810 2317; x_wconf 83' lang='lat' dir='ltr'>Laetadii,A.</span> 
     </span>
     <span class='ocr_line' id='line_1_40' title="bbox 221 2321 1810 2365; baseline -0.001 -10"><span class='ocrx_word' id='word_1_335' title='bbox 221 2322 478 2363; x_wconf 85' lang='lat' dir='ltr'>trichocladam,</span> <span class='ocrx_word' id='word_1_336' title='bbox 503 2322 540 2355; x_wconf 88' lang='lat' dir='ltr'>A.</span> <span class='ocrx_word' id='word_1_337' title='bbox 566 2322 703 2364; x_wconf 81' lang='lat' dir='ltr'>fulvam,</span> <span class='ocrx_word' id='word_1_338' title='bbox 720 2323 757 2354; x_wconf 86' lang='lat' dir='ltr'>A.</span> <span class='ocrx_word' id='word_1_339' title='bbox 770 2323 961 2355; x_wconf 78' lang='lat' dir='ltr'>laxissoram</span> <span class='ocrx_word' id='word_1_340' title='bbox 974 2323 1012 2355; x_wconf 94' lang='lat' dir='ltr'>A.</span> <span class='ocrx_word' id='word_1_341' title='bbox 1024 2323 1285 2365; x_wconf 85' lang='lat' dir='ltr'>poecilantham,</span> <span class='ocrx_word' id='word_1_342' title='bbox 1301 2323 1338 2355; x_wconf 90' lang='lat' dir='ltr'>A.</span> <span class='ocrx_word' id='word_1_343' title='bbox 1354 2321 1810 2362; x_wconf 86' lang='lat' dir='ltr'>remotissoram,Asimilem</span> 
     </span>
     <span class='ocr_line' id='line_1_41' title="bbox 223 2365 1810 2409; baseline -0.001 -11"><span class='ocrx_word' id='word_1_344' title='bbox 223 2369 257 2398; x_wconf 87' lang='lat' dir='ltr'>et</span> <span class='ocrx_word' id='word_1_345' title='bbox 280 2367 317 2398; x_wconf 84' lang='lat' dir='ltr'>A.</span> <span class='ocrx_word' id='word_1_346' title='bbox 343 2366 392 2408; x_wconf 62' lang='grc' dir='ltr'>(ἲ)</span> <span class='ocrx_word' id='word_1_347' title='bbox 417 2367 677 2408; x_wconf 84' lang='lat' dir='ltr'>sclerocladam,</span> <span class='ocrx_word' id='word_1_348' title='bbox 702 2367 765 2399; x_wconf 82' lang='lat' dir='ltr'>scd</span> <span class='ocrx_word' id='word_1_349' title='bbox 789 2366 1024 2400; x_wconf 84' lang='lat' dir='ltr'>”characteres</span> <span class='ocrx_word' id='word_1_350' title='bbox 1050 2369 1082 2399; x_wconf 86' lang='lat' dir='ltr'>in</span> <span class='ocrx_word' id='word_1_351' title='bbox 1106 2368 1159 2400; x_wconf 87' lang='lat' dir='ltr'>his</span> <span class='ocrx_word' id='word_1_352' title='bbox 1185 2367 1368 2409; x_wconf 85' lang='lat' dir='ltr'>speciebus</span> <span class='ocrx_word' id='word_1_353' title='bbox 1393 2368 1463 2399; x_wconf 86' lang='lat' dir='ltr'>tam</span> <span class='ocrx_word' id='word_1_354' title='bbox 1486 2365 1650 2399; x_wconf 81' lang='lat' dir='ltr'>subtiles’⁷</span> <span class='ocrx_word' id='word_1_355' title='bbox 1668 2366 1810 2408; x_wconf 84' lang='lat' dir='ltr'>(utipse</span> 
     </span>
     <span class='ocr_line' id='line_1_42' title="bbox 224 2409 1810 2453; baseline 0 -11"><span class='ocrx_word' id='word_1_356' title='bbox 224 2410 347 2443; x_wconf 81' lang='lat' dir='ltr'>fatetur</span> <span class='ocrx_word' id='word_1_357' title='bbox 371 2411 516 2452; x_wconf 84' lang='lat' dir='ltr'>auctor),</span> <span class='ocrx_word' id='word_1_358' title='bbox 542 2413 579 2443; x_wconf 86' lang='lat' dir='ltr'>ut</span> <span class='ocrx_word' id='word_1_359' title='bbox 604 2413 659 2443; x_wconf 63' lang='lat' dir='ltr'>vix</span> <span class='ocrx_word' id='word_1_360' title='bbox 684 2411 862 2443; x_wconf 79' lang='lat' dir='ltr'>crederem</span> <span class='ocrx_word' id='word_1_361' title='bbox 886 2412 947 2443; x_wconf 84' lang='lat' dir='ltr'>lias</span> <span class='ocrx_word' id='word_1_362' title='bbox 972 2412 1106 2453; x_wconf 83' lang='lat' dir='ltr'>species</span> <span class='ocrx_word' id='word_1_363' title='bbox 1131 2412 1218 2444; x_wconf 87' lang='lat' dir='ltr'>bene</span> <span class='ocrx_word' id='word_1_364' title='bbox 1242 2420 1318 2444; x_wconf 86' lang='lat' dir='ltr'>esse</span> <span class='ocrx_word' id='word_1_365' title='bbox 1343 2412 1530 2444; x_wconf 78' lang='lat' dir='ltr'>distinctas.</span> <span class='ocrx_word' id='word_1_366' title='bbox 1556 2409 1592 2442; x_wconf 91' lang='lat' dir='ltr'>Id</span> <span class='ocrx_word' id='word_1_367' title='bbox 1608 2410 1695 2442; x_wconf 83' lang='lat' dir='ltr'>enim</span> <span class='ocrx_word' id='word_1_368' title='bbox 1709 2410 1810 2451; x_wconf 88' lang='lat' dir='ltr'>plan-</span> 
     </span>
     <span class='ocr_line' id='line_1_43' title="bbox 222 2454 1811 2497; baseline -0.001 -10"><span class='ocrx_word' id='word_1_369' title='bbox 222 2456 264 2487; x_wconf 81' lang='lat' dir='ltr'>tis</span> <span class='ocrx_word' id='word_1_370' title='bbox 290 2454 408 2494; x_wconf 88' lang='lat' dir='ltr'>alpinis</span> <span class='ocrx_word' id='word_1_371' title='bbox 435 2465 463 2486; x_wconf 70' lang='lat' dir='ltr'>v.</span> <span class='ocrx_word' id='word_1_372' title='bbox 490 2456 624 2487; x_wconf 80' lang='lat' dir='ltr'>arcticis</span> <span class='ocrx_word' id='word_1_373' title='bbox 649 2464 725 2487; x_wconf 82' lang='lat' dir='ltr'>esse</span> <span class='ocrx_word' id='word_1_374' title='bbox 750 2457 926 2497; x_wconf 81' lang='lat' dir='ltr'>proprium</span> <span class='ocrx_word' id='word_1_375' title='bbox 951 2457 1038 2487; x_wconf 80' lang='lat' dir='ltr'>inter</span> <span class='ocrx_word' id='word_1_376' title='bbox 1062 2464 1180 2488; x_wconf 87' lang='lat' dir='ltr'>omnes</span> <span class='ocrx_word' id='word_1_377' title='bbox 1205 2457 1350 2497; x_wconf 82' lang='lat' dir='ltr'>constat,</span> <span class='ocrx_word' id='word_1_378' title='bbox 1376 2457 1412 2487; x_wconf 90' lang='lat' dir='ltr'>ut</span> <span class='ocrx_word' id='word_1_379' title='bbox 1435 2463 1509 2497; x_wconf 72' lang='lat' dir='ltr'>prze</span> <span class='ocrx_word' id='word_1_380' title='bbox 1534 2455 1655 2486; x_wconf 88' lang='lat' dir='ltr'>ceteris</span> <span class='ocrx_word' id='word_1_381' title='bbox 1669 2455 1811 2495; x_wconf 82' lang='lat' dir='ltr'>vegeta-</span> 
     </span>
     <span class='ocr_line' id='line_1_44' title="bbox 224 2497 1812 2539; baseline -0.001 -8"><span class='ocrx_word' id='word_1_382' title='bbox 224 2498 348 2531; x_wconf 86' lang='lat' dir='ltr'>bilibus</span> <span class='ocrx_word' id='word_1_383' title='bbox 385 2499 515 2530; x_wconf 77' lang='lat' dir='ltr'>varient</span> <span class='ocrx_word' id='word_1_384' title='bbox 551 2500 584 2530; x_wconf 88' lang='lat' dir='ltr'>et</span> <span class='ocrx_word' id='word_1_385' title='bbox 613 2499 799 2532; x_wconf 79' lang='lat' dir='ltr'>formarum</span> <span class='ocrx_word' id='word_1_386' title='bbox 839 2500 1124 2532; x_wconf 81' lang='lat' dir='ltr'>inextricabilium</span> <span class='ocrx_word' id='word_1_387' title='bbox 1156 2501 1311 2532; x_wconf 85' lang='lat' dir='ltr'>seriebus</span> <span class='ocrx_word' id='word_1_388' title='bbox 1336 2506 1542 2539; x_wconf 83' lang='lat' dir='ltr'>magnopere</span> <span class='ocrx_word' id='word_1_389' title='bbox 1566 2497 1694 2539; x_wconf 85' lang='lat' dir='ltr'>ludant,</span> <span class='ocrx_word' id='word_1_390' title='bbox 1719 2497 1812 2539; x_wconf 83' lang='lat' dir='ltr'>quod</span> 
     </span>
     <span class='ocr_line' id='line_1_45' title="bbox 222 2541 1812 2585; baseline -0.001 -9"><span class='ocrx_word' id='word_1_391' title='bbox 222 2542 301 2576; x_wconf 87' lang='lat' dir='ltr'>inde</span> <span class='ocrx_word' id='word_1_392' title='bbox 326 2544 443 2583; x_wconf 85' lang='lat' dir='ltr'>aperte</span> <span class='ocrx_word' id='word_1_393' title='bbox 467 2543 584 2582; x_wconf 80' lang='lat' dir='ltr'>oritur,</span> <span class='ocrx_word' id='word_1_394' title='bbox 609 2544 686 2583; x_wconf 86' lang='lat' dir='ltr'>quia</span> <span class='ocrx_word' id='word_1_395' title='bbox 711 2552 829 2575; x_wconf 85' lang='lat' dir='ltr'>omnes</span> <span class='ocrx_word' id='word_1_396' title='bbox 853 2544 899 2576; x_wconf 88' lang='lat' dir='ltr'>ibi</span> <span class='ocrx_word' id='word_1_397' title='bbox 925 2545 1172 2585; x_wconf 72' lang='lat' dir='ltr'>copiosissima&gt;</span> <span class='ocrx_word' id='word_1_398' title='bbox 1196 2544 1388 2583; x_wconf 84' lang='lat' dir='ltr'>obveniant,</span> <span class='ocrx_word' id='word_1_399' title='bbox 1413 2541 1573 2582; x_wconf 24' lang='lat' dir='ltr'>locabferc</span> <span class='ocrx_word' id='word_1_400' title='bbox 1587 2543 1700 2575; x_wconf 87' lang='lat' dir='ltr'>omnia</span> <span class='ocrx_word' id='word_1_401' title='bbox 1713 2543 1812 2574; x_wconf 88' lang='lat' dir='ltr'>etin-</span> 
     </span>
     <span class='ocr_line' id='line_1_46' title="bbox 224 2586 1812 2629; baseline -0.001 -10"><span class='ocrx_word' id='word_1_402' title='bbox 224 2589 276 2620; x_wconf 90' lang='lat' dir='ltr'>ter</span> <span class='ocrx_word' id='word_1_403' title='bbox 310 2594 348 2618; x_wconf 86' lang='lat' dir='ltr'>se</span> <span class='ocrx_word' id='word_1_404' title='bbox 383 2586 614 2619; x_wconf 84' lang='lat' dir='ltr'>diversissima</span> <span class='ocrx_word' id='word_1_405' title='bbox 646 2589 817 2628; x_wconf 84' lang='lat' dir='ltr'>occupent</span> <span class='ocrx_word' id='word_1_406' title='bbox 851 2587 898 2627; x_wconf 84' lang='lat' dir='ltr'>(v.</span> <span class='ocrx_word' id='word_1_407' title='bbox 923 2597 952 2620; x_wconf 89' lang='lat' dir='ltr'>c.</span> <span class='ocrx_word' id='word_1_408' title='bbox 976 2588 1118 2629; x_wconf 83' lang='lat' dir='ltr'>Salices,</span> <span class='ocrx_word' id='word_1_409' title='bbox 1143 2588 1290 2629; x_wconf 75' lang='lat' dir='ltr'>carices,</span> <span class='ocrx_word' id='word_1_410' title='bbox 1315 2586 1634 2628; x_wconf 82' lang='lat' dir='ltr'>Calamagrostides,</span> <span class='ocrx_word' id='word_1_411' title='bbox 1659 2586 1812 2628; x_wconf 84' lang='lat' dir='ltr'>Epilobia</span> 
     </span>
     <span class='ocr_line' id='line_1_47' title="bbox 225 2629 1811 2673; baseline -0.001 -9"><span class='ocrx_word' id='word_1_412' title='bbox 225 2640 254 2664; x_wconf 90' lang='lat' dir='ltr'>e.</span> <span class='ocrx_word' id='word_1_413' title='bbox 290 2640 318 2663; x_wconf 89' lang='lat' dir='ltr'>s.</span> <span class='ocrx_word' id='word_1_414' title='bbox 350 2629 412 2673; x_wconf 87' lang='lat' dir='ltr'>p.),</span> <span class='ocrx_word' id='word_1_415' title='bbox 448 2630 539 2664; x_wconf 87' lang='lat' dir='ltr'>unde</span> <span class='ocrx_word' id='word_1_416' title='bbox 563 2630 717 2663; x_wconf 86' lang='lat' dir='ltr'>locorum</span> <span class='ocrx_word' id='word_1_417' title='bbox 742 2634 777 2664; x_wconf 79' lang='lat' dir='ltr'>et</span> <span class='ocrx_word' id='word_1_418' title='bbox 800 2633 886 2664; x_wconf 86' lang='lat' dir='ltr'>coeli</span> <span class='ocrx_word' id='word_1_419' title='bbox 909 2633 1002 2665; x_wconf 83' lang='lat' dir='ltr'>varia</span> <span class='ocrx_word' id='word_1_420' title='bbox 1026 2633 1140 2665; x_wconf 88' lang='lat' dir='ltr'>indole</span> <span class='ocrx_word' id='word_1_421' title='bbox 1164 2634 1266 2665; x_wconf 86' lang='lat' dir='ltr'>etiam</span> <span class='ocrx_word' id='word_1_422' title='bbox 1289 2631 1381 2664; x_wconf 78' lang='lat' dir='ltr'>varie</span> <span class='ocrx_word' id='word_1_423' title='bbox 1406 2632 1590 2663; x_wconf 86' lang='lat' dir='ltr'>mutantur.</span> <span class='ocrx_word' id='word_1_424' title='bbox 1614 2647 1657 2654; x_wconf 88' lang='lat'>-—</span> <span class='ocrx_word' id='word_1_425' title='bbox 1680 2631 1811 2670; x_wconf 88' lang='lat' dir='ltr'>Quibus</span> 
     </span>
     <span class='ocr_line' id='line_1_48' title="bbox 228 2674 1811 2716; baseline -0.002 -7"><span class='ocrx_word' id='word_1_426' title='bbox 228 2674 414 2709; x_wconf 84' lang='lat' dir='ltr'>rationibus</span> <span class='ocrx_word' id='word_1_427' title='bbox 439 2674 483 2707; x_wconf 89' lang='lat' dir='ltr'>de</span> <span class='ocrx_word' id='word_1_428' title='bbox 506 2674 686 2716; x_wconf 86' lang='lat' dir='ltr'>speciebus</span> <span class='ocrx_word' id='word_1_429' title='bbox 712 2676 844 2708; x_wconf 83' lang='lat' dir='ltr'>duabus</span> <span class='ocrx_word' id='word_1_430' title='bbox 867 2677 951 2708; x_wconf 84' lang='lat' dir='ltr'>intra</span> <span class='ocrx_word' id='word_1_431' title='bbox 977 2677 1061 2709; x_wconf 83' lang='lat' dir='ltr'>sines</span> <span class='ocrx_word' id='word_1_432' title='bbox 1086 2677 1194 2710; x_wconf 81' lang='lat' dir='ltr'>Florae</span> <span class='ocrx_word' id='word_1_433' title='bbox 1217 2676 1455 2709; x_wconf 81' lang='lat' dir='ltr'>Scandiuaviae</span> <span class='ocrx_word' id='word_1_434' title='bbox 1477 2675 1544 2708; x_wconf 83' lang='lat' dir='ltr'>liuc</span> <span class='ocrx_word' id='word_1_435' title='bbox 1567 2683 1675 2716; x_wconf 85' lang='lat' dir='ltr'>usque</span> <span class='ocrx_word' id='word_1_436' title='bbox 1689 2676 1811 2707; x_wconf 88' lang='lat' dir='ltr'>inven-</span> 
     </span>
     <span class='ocr_line' id='line_1_49' title="bbox 230 2719 1810 2761; baseline -0.001 -10"><span class='ocrx_word' id='word_1_437' title='bbox 230 2721 272 2752; x_wconf 87' lang='lat' dir='ltr'>tis</span> <span class='ocrx_word' id='word_1_438' title='bbox 310 2728 377 2752; x_wconf 88' lang='lat' dir='ltr'>non</span> <span class='ocrx_word' id='word_1_439' title='bbox 413 2728 474 2761; x_wconf 83' lang='lat' dir='ltr'>pro</span> <span class='ocrx_word' id='word_1_440' title='bbox 500 2721 593 2752; x_wconf 81' lang='lat' dir='ltr'>certo</span> <span class='ocrx_word' id='word_1_441' title='bbox 617 2719 731 2752; x_wconf 85' lang='lat' dir='ltr'>dicere</span> <span class='ocrx_word' id='word_1_442' title='bbox 757 2721 931 2756; x_wconf 72' lang='lat' dir='ltr'>audemus,</span> <span class='ocrx_word' id='word_1_443' title='bbox 958 2723 1071 2752; x_wconf 83' lang='lat' dir='ltr'>utrum</span> <span class='ocrx_word' id='word_1_444' title='bbox 1097 2722 1243 2754; x_wconf 72' lang='lat' dir='ltr'>diversae</span> <span class='ocrx_word' id='word_1_445' title='bbox 1268 2721 1343 2760; x_wconf 85' lang='lat' dir='ltr'>sint,</span> <span class='ocrx_word' id='word_1_446' title='bbox 1370 2730 1408 2752; x_wconf 79' lang='lat' dir='ltr'>an</span> <span class='ocrx_word' id='word_1_447' title='bbox 1435 2720 1553 2752; x_wconf 81' lang='lat' dir='ltr'>iormae</span> <span class='ocrx_word' id='word_1_448' title='bbox 1580 2727 1684 2751; x_wconf 62' lang='lat' dir='ltr'>mera}</span> <span class='ocrx_word' id='word_1_449' title='bbox 1708 2720 1810 2751; x_wconf 86' lang='lat' dir='ltr'>unius</span> 
     </span>
     <span class='ocr_line' id='line_1_50' title="bbox 229 2764 763 2805; baseline 0 -10"><span class='ocrx_word' id='word_1_450' title='bbox 229 2764 452 2805; x_wconf 78' lang='lat' dir='ltr'>ejusdemque</span> <span class='ocrx_word' id='word_1_451' title='bbox 478 2765 606 2805; x_wconf 68' lang='lat' dir='ltr'>speciei</span> <span class='ocrx_word' id='word_1_452' title='bbox 633 2764 763 2805; x_wconf 59' lang='lat' dir='ltr'>typica.</span> 
     </span>
    </p>
   </div>
   <div class='ocr_carea' id='block_1_8' title="bbox 928 2878 1018 2886">
    <p class='ocr_par' dir='ltr' id='par_1_9' title="bbox 928 2878 1018 2886">
     <span class='ocr_line' id='line_1_51' title="bbox 928 2878 1018 2886; baseline 0 0"><span class='ocrx_word' id='word_1_453' title='bbox 928 2878 1018 2886; x_wconf 40' lang='lat' dir='ltr'>,mv</span> 
     </span>
    </p>
   </div>
  </div>
 </body>
</html>
