1872 3141
1573 69 1620 103 23

189 179 293 212 Hah.
319 181 349 211 in
375 179 477 219 sylvis
504 178 673 210 montibus
699 180 732 208 et
757 177 899 209 collibus
925 178 1024 208 totius
1050 177 1285 208 Scamunaxioe
1313 186 1419 217 usquc
1435 187 1463 208 ιιι
1479 178 1573 218 alpes
1587 188 1685 210 suni-

101 233 185 266 mas,
211 223 496 265 frequentissime.
520 239 563 244 -—
587 221 620 253 ln
646 223 736 254 omni
762 220 894 261 Europa
922 220 1078 260 vulgaris.

188 288 344 321 Maxime
378 289 608 330 polymorplia
647 288 780 330 planta,
814 287 906 328 cujus
931 286 1060 317 forinas
1086 286 1295 328 principales
1320 289 1476 329 sequenti
1506 289 1607 321 niodo
1631 289 1684 321 di-

95 335 284 376 sponendas
309 333 494 365 credimus:

185 388 222 419 A.
269 387 452 420 Festuca
485 387 608 419 ovina
634 386 832 425 genuina:
858 386 928 416 tota
954 385 1135 423 xioescens,
1163 385 1275 418 culmo
1301 386 1573 428 digitali—pedali,
1599 388 1684 421 foliis

96 433 241 464 setaceis
266 432 502 472 submollibuS,
527 431 684 472 panicula
709 430 953 470 angustissima
977 429 1168 470 saepissime
1195 430 1393 471 unilaterali,
1420 432 1558 471 spiculis
1579 435 1667 465 ovati

98 477 217 517 acutis,
243 477 393 509 flosculis
419 475 613 516 cuspidatis.

185 543 224 582 α)
249 542 522 582 sylvatica:
558 540 712 582 panicula
752 540 1002 580 angustissima,
1036 540 1138 571 ramis
1163 541 1288 572 strictis
1315 542 1497 579 coarctata,
1523 543 1691 575 secunda·

97 586 173 617 laetc
199 586 373 617 virescens
401 587 451 617 vel
484 584 845 625 violaceo-xariogatff,
871 584 984 616 culmo
1010 583 1166 625 foliisque
1192 585 1385 626 capillaceis
1410 586 1535 618 strictis
1561 587 1676 627 rigidis

95 630 210 662 radico
235 630 437 662 densissime
463 630 653 671 caespitosa.

183 694 245 726 Ha
264 696 296 726 b.
334 696 370 727 in
404 695 512 738 sylvis
536 695 706 737 praecipue
730 693 988 726 Conifcrarum.
1036 691 1115 735 Quo
1142 694 1249 736 magis
1283 695 1366 726 locis
1392 696 1516 737 apricis
1547 700 1684 736 crescit,

96 752 134 772 eo
172 740 342 772 humilior
366 740 496 776 evadit,
524 740 618 771 foliis
643 744 841 771 cxcurvatis
866 738 1059 780 culmisque
1084 739 1171 771 4—ss
1198 739 1318 769 uncias
1342 739 1422 771 altis
1447 740 1604 783 insignis-3
1629 744 1683 774 lo—

94 784 142 817 cis
166 784 318 816 maxime
344 784 514 816 umbrosis
541 783 621 815 solia
648 783 861 817 tenuissima,
885 783 961 814 laete
975 783 1192 820 vivescentia,
1216 794 1300 824 saepe
1326 784 1459 816 culmos
1482 787 1685 828 subpedales

96 828 269 873 aequantia
298 829 355 870 (F.
381 828 570 872 tenm‘folz'a
596 826 743 869 Simu),
769 827 904 859 flosculi
932 827 1065 858 mutici.

188 889 228 936 β)
253 894 501 925 montana:
527 893 683 934 panicula
708 894 876 933 elongata,
902 893 1004 924 ramis
1028 893 1222 934 praesertin]
1248 892 1461 927 inferioribus
1486 897 1551 928 sul)
1567 898 1688 929 anthe-

95 939 123 970 si
146 937 342 980 patentibus
379 937 519 969 demum
543 938 714 978 secundis⁷
741 937 879 978 spiculis
905 936 975 968 fere
1000 937 1104 977 duplo
1130 936 1329 977 majoribus
1356 938 1441 970 foliis
1465 941 1690 973 strictissimis

96 983 254 1023 caespites
289 982 462 1013 tenuiores
498 980 733 1021 formantibus,
761 981 874 1014 culmo
899 981 969 1013 sere
993 981 1116 1022 pedali.
1141 998 1183 1002 -—
1209 980 1292 1013 Hah.
1318 982 1402 1014 locis
1427 985 1593 1016 montium
1618 988 1691 1018 ste—

96 1026 214 1059 rilibus
250 1027 454 1068 apricisque.
501 1024 534 1056 In
572 1027 678 1067 petris
715 1026 878 1058 calcareis
911 1033 1004 1067 saepe
1030 1026 1256 1066 glaucescens
1281 1028 1404 1068 evadit⁷
1429 1036 1491 1060 nec
1516 1030 1614 1062 aliter
1638 1031 1690 1063 di—

97 1078 206 1103 versa.

185 1115 239 1156 γ)
265 1114 531 1155 alpestris:
570 1114 720 1146 flosculis
746 1114 848 1146 arista
871 1113 1008 1156 paleam
1032 1113 1104 1146 fere
1129 1115 1286 1155 aequante
1311 1116 1508 1159 cuspidatis,
1533 1120 1690 1160 panicula

96 1167 187 1192 nunc
209 1159 372 1191 intensius
397 1158 726 1191 violaceo-colorata
751 1157 807 1198 (F.
833 1159 991 1191 violacea
1016 1158 1140 1199 Gaud.)
1154 1167 1244 1192 nnnc
1257 1160 1557 1194 viridi-lutescens.
1575 1162 1624 1204 [F.
1639 1165 1691 1196 al-

96 1204 175 1245 pina
199 1202 306 1236 Gaud.
331 1212 350 1235 a
373 1205 492 1235 nostra
527 1202 651 1235 differt:
687 1203 827 1245 spiculis
852 1203 956 1245 duplo
983 1202 1180 1244 majoribuS,
1206 1204 1356 1237 flosculis
1381 1206 1514 1246 lougius
1540 1210 1689 1250 remotis,

95 1248 208 1281 culmo
234 1247 311 1280 folia
336 1247 427 1280 haud
451 1247 596 1279 multum
621 1247 832 1289 superante]
858 1264 900 1270 —-
925 1245 1009 1280 Hal).
1035 1246 1067 1279 iii
1093 1247 1236 1289 alpibus
1262 1247 1382 1282 Culmo
1408 1250 1562 1293 foliisque
1583 1255 1688 1295 priori

91 1293 220 1324 similis.
1633 1293 1639 1299 '

182 1358 218 1390 Β.
265 1357 449 1389 Festuca
475 1358 600 1399 ovina
624 1358 809 1398 *glauca
833 1356 903 1398 (Fr.
928 1358 949 1389 l.
975 1357 1022 1399 c.)
1046 1358 1333 1400 totaplerumque
1347 1361 1580 1405 glaucesceiiS‚
1597 1365 1689 1397 radi-

96 1411 136 1436 ce
171 1402 299 1435 fibrosa
331 1401 464 1433 culmos
488 1401 629 1443 pedales
654 1404 688 1433 et
711 1401 800 1434 ultra
825 1401 1001 1441 elongatos
1026 1403 1211 1443 emittente,
1238 1403 1324 1435 soliis
1348 1406 1540 1447 saepissiine
1566 1410 1688 1440 crassis

96 1448 131 1479 et
155 1447 259 1487 duris,
284 1445 440 1487 panicula
463 1446 655 1486 subaequali
680 1447 835 1487 angusta,
861 1447 1000 1488 spiculis
1025 1447 1191 1488 ellipticiS,
1219 1448 1368 1481 flosculis
1393 1450 1609 1485 subniuticis.

181 1513 221 1545 F.
245 1513 376 1556 glauca
401 1523 440 1543 ex
477 1511 676 1554 graminum
710 1516 909 1543 nostrorum
946 1512 1123 1555 speciebus
1148 1513 1290 1555 pessime
1316 1516 1467 1559 cognita,
1491 1518 1590 1551 vario
1617 1532 1672 1551 mo

91 1559 137 1590 do
162 1557 350 1600 descripta,
375 1567 468 1588 nunc
493 1568 536 1588 sc.
585 1557 624 1588 F.
650 1557 780 1594 om'nae,
803 1567 897 1589 nunc
921 1558 960 1589 F.
987 1556 1204 1589 ‹lm-iusculse
1231 1560 1282 1590 vel
1310 1561 1351 1592 F.
1377 1562 1494 1595 1¹1thoe
1519 1565 1611 1605 apud
1627 1577 1687 1597 au„

93 1607 204 1634 ctores
228 1601 342 1634 varios
366 1601 544 1632 subsumta
569 1600 652 1640 fuit,
678 1612 785 1644 quare
809 1612 1003 1643 synonyma
1032 1603 1129 1633 nulla
1158 1608 1249 1634 ceria
1278 1605 1402 1636 afferre
1428 1608 1592 1639 valemus,
1630 1609 1685 1641 Ad

94 1652 218 1689 typum
256 1644 293 1677 F.
319 1645 430 1677 ovinae
464 1645 655 1677 certissime
690 1645 854 1687 pertinet,
880 1646 998 1677 eodem
1029 1646 1130 1677 modo
1155 1659 1224 1689 quo
1250 1647 1285 1678 F.
1313 1649 1533 1683 dumetorum
1562 1654 1604 1684 ad
1633 1658 1688 1692 tv—

92 1703 174 1734 pum
200 1689 233 1721 F.
259 1688 382 1722 rubrae.
1648 1689 1658 1696 ·

183 1746 223 1787 α)
249 1744 510 1777 sabulosa:
537 1743 648 1776 culmo
674 1743 797 1785 pedali,
824 1744 943 1785 rigido,
970 1743 1055 1776 foliis
1081 1746 1269 1778 convolutis
1295 1750 1515 1789 angularibus
1528 1760 1687 1793 pungen-

92 1790 193 1831 tibus,
218 1789 380 1832 panicula
403 1797 522 1831 parva,
547 1788 687 1829 spiculis
713 1788 872 1820 confertis
897 1788 1024 1830 glabris
1048 1789 1262 1823 sulimuticis.

181 1854 290 1888 Hah.
327 1855 411 1887 locis
448 1854 666 1886 sterilissimis
699 1854 746 1894 (v.
772 1863 801 1887 c.
826 1855 857 1887 iu
883 1863 1006 1897 campo
1032 1856 1188 1896 glareoso
1214 1867 1240 1889 s.
1267 1858 1298 1890 d.
1324 1858 1470 1892 Alvaren
1494 1861 1614 1894 insulae
1639 1858 1687 1896 O-

92 1901 230 1943 landiae)
256 1900 309 1932 vel
335 1907 439 1932 arena
464 1899 589 1931 volatili
613 1899 768 1931 obtectis.

178 1966 237 1998 Ad
262 1967 444 1998 Festzoeam
470 1966 613 1997 rubram
644 1966 781 2008 ejusque
813 1966 1019 1999 varietatem
1047 1968 1317 2011 glaucescentem
1345 1971 1605 2014 quodammodo
1629 1986 1685 2007 ac-

91 2011 196 2049 cedit,
227 2010 271 2042 ab
295 2021 332 2042 ea
360 2015 478 2042 tamen
503 2010 624 2041 differt
648 2020 719 2040 non
745 2014 885 2042 tantum
912 2011 1007 2044 foliis
1031 2012 1252 2055 spiculisque,
1283 2015 1341 2046 scd
1368 2016 1531 2058 inprimis
1558 2030 1687 2051 memo—

90 2055 197 2088 rabili
222 2055 407 2098 vegetandi
434 2055 546 2086 modo:
572 2053 728 2096 ”vaginis
752 2055 845 2087 enim
871 2056 938 2088 suis
963 2058 1153 2090 constricta
1181 2058 1218 2089 in
1244 2060 1397 2101 caespites
1411 2072 1481 2092 non
1497 2063 1687 2105 ampliatur

90 2100 145 2133 vel
170 2100 207 2132 in
233 2110 336 2131 arena
373 2099 501 2131 mobili
539 2100 576 2131 in
602 2099 714 2130 altum
741 2104 881 2132 tantum
909 2112 1058 2133 crescere
1084 2102 1222 2143 cogitur
1245 2104 1330 2142 (fere
1355 2110 1393 2136 nt
1418 2103 1568 2139 Malaxis
1593 2108 1686 2140 inter

90 2142 280 2187 Sphagna),
305 2144 397 2176 unde
421 2155 505 2185 saepe
529 2143 631 2176 radix
655 2143 815 2184 pluribus
839 2144 932 2177 inter
956 2157 989 2177 se
1013 2147 1156 2178 remotis
1169 2147 1385 2180 diversorum
1402 2161 1572 2184 annorum
1588 2164 1685 2196 squa—

91 2200 226 2220 marum
253 2188 390 2221 coronis
413 2189 591 2220 ornatur.”
639 2188 694 2220 Fr.

180 2250 221 2296 β)
247 2254 453 2287 elatior:
480 2254 592 2287 culmo
617 2253 689 2286 sere
713 2254 873 2296 bipedali,
899 2254 985 2287 foliis
1011 2256 1153 2289 culmeis
1174 2258 1432 2300 subapplanatis
1446 2262 1574 2304 rigidis,
1588 2271 1686 2295 sum-

92 2307 147 2331 mo
173 2299 344 2347 elongato,
369 2299 536 2347 paniculae
560 2300 663 2331 ramis
689 2298 902 2331 inferioribus
927 2301 1067 2332 remotis
1093 2301 1367 2344 horizontalibuS,
1393 2305 1532 2346 spiculis
1554 2308 1685 2339 magnis

89 2342 274 2385 puberulis,
300 2343 450 2376 flosculis
473 2343 621 2376 muticis.
1611 2339 1631 2348 υ

179 2407 286 2441 Hah.
312 2410 344 2441 in
369 2409 532 2442 fruticetis
560 2411 737 2450 regionum
764 2411 1007 2452 campestrium
1033 2411 1225 2445 litoralium.

179 2474 215 2507 F.
242 2476 356 2508 rubrae
381 2475 547 2507 arenariae
574 2486 604 2508 v.
629 2476 746 2519 potius
773 2476 807 2508 F.
833 2477 909 2508 rub.
935 2477 1158 2510 dumetorum
1187 2479 1307 2512 soruvae
1333 2493 1514 2515 nemorum
1543 2494 1612 2516 non
1627 2496 1683 2526 pa-

91 2532 167 2553 rum
193 2521 352 2563 analoga,
378 2520 497 2552 radice
531 2524 648 2552 autem
685 2521 879 2553 stolonibus
904 2522 1087 2560 destituta,
1113 2524 1238 2556 culmis
1264 2537 1329 2557 una
1356 2538 1434 2558 eum
1463 2527 1558 2560 foliis
1583 2540 1684 2572 squa-

93 2565 156 2598 mis
180 2564 260 2597 latis
284 2564 437 2597 scariosis
463 2565 644 2602 involutis,
669 2565 878 2609 spiculisque
903 2567 998 2599 duris
1024 2567 1167 2600 diversa.

179 2632 233 2672 γ)
259 2631 525 2679 maritima:
561 2630 647 2663 foliis
684 2631 726 2663 ad
752 2631 848 2664 basin
875 2632 977 2665 culmi
1001 2635 1119 2675 pumili
1145 2636 1295 2669 collectis
1320 2639 1527 2676 exem-vatis,
1555 2637 1685 2670 subsal-

93 2677 415 2753 cabto-coiggit‘lesssiiqffi
451 2676 607 2717 panicula
641 2678 783 2717 angusta
815 2677 976 2719 secunda,
1003 2679 1141 2719 spiculis
1168 2680 1476 2721 glabrescentiluis.
1502 2700 1541 2704 —
1570 2681 1601 2713 ln
1628 2691 1683 2714 ru-

88 2729 121 2761 pi
149 2729 187 2753 us
213 2729 244 2752 m
375 2743 401 2751 ..
