1872 3141
706 631 958 674 Lectori
1009 645 1059 678 s.

64 1157 157 1230 Sub
184 1195 310 1238 frigido
350 1199 474 1231 arctois
513 1199 612 1233 coelo
651 1198 903 1238 vegetationem
941 1198 1118 1239 deponere
1154 1200 1350 1240 speciosam
1386 1200 1478 1234 illam
1513 1201 1636 1235 faciem
1676 1205 1709 1235 et

61 1263 289 1304 multiplicem
314 1265 530 1306 varietatem,
558 1264 681 1307 quibus
707 1264 741 1297 in
769 1265 869 1297 terris
896 1264 1116 1298 calidioribus
1142 1266 1310 1307 superbit,
1334 1266 1461 1299 nemini
1494 1274 1562 1299 non
1589 1268 1706 1308 cogni-

62 1333 133 1363 tum
159 1333 222 1363 est.
274 1332 313 1363 At
339 1339 411 1372 quae
443 1334 476 1363 et
501 1333 632 1371 quanta
657 1332 701 1364 sit
726 1331 776 1363 vis
802 1331 949 1364 creatrix
973 1331 1008 1364 in
1034 1331 1152 1364 ultima
1176 1333 1269 1364 terra
1293 1332 1480 1372 habitabili,
1506 1341 1562 1366 res
1590 1334 1708 1375 utique

63 1398 117 1430 est
140 1397 256 1439 digna,
282 1404 360 1438 quae
390 1396 591 1437 inquiratur,
625 1397 800 1437 praecipue
836 1404 912 1429 cum
950 1397 1037 1430 coeii
1071 1397 1204 1439 solique
1230 1405 1393 1430 recussus
1419 1397 1454 1430 in
1479 1400 1708 1439 vegetationis

60 1464 214 1498 indolem
240 1463 292 1496 his
317 1462 403 1496 locis
429 1462 589 1495 facillime
615 1463 851 1503 observetur„
879 1462 982 1497 Multi
1020 1463 1155 1506 quidem
1183 1464 1292 1497 Florae
1311 1464 1447 1496 arcticae
1469 1464 1594 1507 foetus,
1610 1475 1709 1508 saepe

63 1529 128 1563 sub
153 1529 387 1570 multiplicatis
414 1531 449 1562 et
475 1529 702 1564 notabilitatis
726 1530 859 1572 formis,
874 1538 937 1571 per
963 1531 1168 1564 australiora
1193 1530 1320 1572 alpium
1342 1529 1427 1571 juga
1450 1531 1571 1565 iterum
1597 1541 1708 1567 emer-

61 1598 158 1637 gunt,
185 1603 304 1629 verum
329 1596 382 1628 his
408 1596 493 1629 locis
525 1596 614 1630 intra
653 1599 836 1638 angustam
873 1598 907 1629 et
943 1597 1143 1631 verticalem
1181 1605 1304 1631 zonam
1342 1598 1429 1631 adeo
1467 1598 1648 1641 stipantur,
1673 1603 1710 1634 ut

60 1662 287 1703 vegetationis
314 1663 410 1703 leges
436 1663 540 1704 longe
568 1663 739 1697 difficilius
766 1663 1002 1704 explorentur,
1017 1672 1118 1705 quam
1145 1671 1207 1706 per
1233 1664 1390 1704 planities
1404 1665 1708 1709 septentrionales,

60 1730 94 1763 in
121 1729 244 1771 quibus
272 1729 380 1762 altera
415 1730 550 1770 species
589 1733 687 1763 extra
723 1729 866 1762 alteram
903 1730 1000 1771 quasi
1037 1730 1216 1765 collocata.
1263 1731 1312 1763 Ad
1349 1731 1436 1763 banc
1474 1732 1709 1765 successivam

42 1796 293 1842 xvegetationis
328 1796 558 1828 evolutionem
585 1795 841 1829 observandam
855 1796 912 1828 vix
937 1797 1039 1830 aliam
1066 1797 1243 1837 regionem
1258 1797 1426 1837 aptiorem
1450 1795 1589 1837 fingam,
1605 1806 1708 1839 quam

7 1848 43 1909 J
64 1861 326 1895 Scandinaviam
351 1864 528 1903 nostram,
553 1862 594 1894 ab
621 1862 752 1895 arctica
789 1870 877 1895 zona
913 1863 956 1896 ad
992 1865 1216 1904 temperatam
1256 1863 1328 1904 pari
1354 1863 1485 1895 telluris
1515 1864 1708 1897 elevatione

0 1910 30 1970 s
61 1933 255 1962 extensam.
304 1927 350 1960 Ob
378 1928 485 1968 ipsius
515 1932 752 1969 paupertatem
792 1928 893 1969 hujus
928 1929 1126 1969 indigenam
1153 1929 1404 1970 vegetationem
1433 1929 1580 1970 plenius,
1607 1939 1709 1971 quam

6 1980 32 2046 ζέ
62 1995 220 2028 ditiorum
257 1994 457 2036 regionum,
487 1995 700 2036 exploratam
736 1996 915 2030 habemus.
966 1996 1200 2037 Progressus,
1227 2003 1311 2037 quos
1338 1994 1438 2035 hujus
1467 1997 1616 2036 cognitio
1648 2005 1709 2037 per

0 2058 178 2107 &ultima
204 2062 312 2094 lustra
339 2061 421 2095 fecit
445 2063 624 2098 maximos,
651 2063 779 2095 exteris
806 2070 928 2103 parum
955 2061 1146 2095 innotuisse
1174 2063 1264 2095 baud
1291 2062 1457 2095 miremur
1482 2063 1707 2096 consideran-

6 2153 9 2163 ,·
31 2129 126 2175 sstes,
153 2136 253 2170 quam
279 2135 398 2169 parum
424 2128 500 2160 haec
538 2129 669 2170 spolia,
701 2137 778 2162 cum
805 2128 926 2169 opimis
953 2137 970 2161 e
996 2129 1096 2161 terris
1135 2129 1353 2162 calidioribus
1388 2132 1600 2171 comparata,
1628 2138 1706 2170 pro-

0 2169 37 2226 ’,ἲ
59 2195 223 2228 mineant.
272 2195 308 2228 In
335 2195 514 2228 Herbario
528 2196 832 2228 Nor-malz'Floroe
858 2193 1118 2229 Scandinavioe
1132 2195 1278 2237 plurima
1306 2195 1440 2237 quidem
1471 2204 1488 2228 a
1514 2196 1613 2228 nobis
1639 2196 1708 2229 dis-

0 2241 35 2299 ςῖἶ
62 2261 202 2302 tributa,
229 2263 263 2294 at
300 2261 376 2294 haec
411 2262 569 2295 collectio
595 2262 716 2302 paucis
755 2264 848 2302 patet
873 2269 937 2294 nec
963 2261 1009 2293 ita
1041 2261 1145 2301 clare,
1172 2264 1207 2294 ut
1232 2261 1310 2294 fidae
1336 2262 1469 2303 icones,
1497 2263 1708 2297 differentias

19 2345 39 2379 ζ
61 2333 141 2361 ante
166 2328 285 2361 oculos
315 2328 425 2369 ponit,
451 2336 557 2369 quare
589 2328 874 2369 lconograpbiam
911 2336 1078 2368 generum
1117 2330 1150 2361 et
1188 2329 1382 2369 specierum
1425 2327 1538 2362 Florae
1577 2332 1708 2363 nostrae

18 2393 36 2426 :L
61 2393 170 2434 magis
199 2394 373 2435 privarum
401 2394 635 2435 Botanophilis
661 2398 795 2436 gratam
820 2394 895 2428 fore
922 2401 1114 2434 speramus.

0 2481 34 2534 ζ)
152 2481 228 2515 Hoc
253 2490 353 2524 opus,
379 2491 448 2516 non
475 2483 558 2516 lucri
585 2483 766 2524 cujusdam
792 2483 915 2524 gratia,
942 2483 1003 2515 sed
1037 2483 1194 2516 scientiae
1232 2483 1356 2516 devoto
1394 2484 1519 2525 animo,
1556 2484 1710 2525 suscepit

0 2522 16 2584 ἰ
60 2549 104 2582 cl.
131 2549 254 2582 Pullos.
282 2550 405 2582 Doctor
429 2550 468 2582 N.
496 2550 523 2582 J.
552 2550 826 2588 Andersson,
853 2550 909 2592 qui
936 2558 1005 2583 non
1031 2551 1131 2583 modo
1161 2551 1354 2584 delineandi
1382 2551 1544 2584 facultate
1573 2551 1711 2583 excellit-

8 2641 33 2679 Δ
59 2615 122 2648 sed
151 2615 252 2648 etiam
279 2616 411 2649 Floram
439 2617 612 2657 amicam,
639 2619 672 2649 ut
700 2616 805 2656 ipsius
829 2616 899 2656 jam
927 2617 1058 2657 pridem
1084 2617 1175 2650 edita
1196 2617 1323 2657 scripta
1340 2617 1485 2657 (Salices
1513 2616 1709 2657 Lapponiae,

0 2690 39 2732 Ξ
63 2681 280 2722 Conspectus
313 2683 541 2723 vegetationis
574 2683 781 2724 Lapponicae
810 2683 879 2723 ὡς)
908 2686 1090 2724 testantur,
1127 2684 1248 2717 sedulo
1285 2683 1493 2717 observavit.
1542 2684 1620 2715 Tam
1648 2683 1709 2715 ol)-

13 2781 19 2794 ,
64 2748 317 2781 servationibus
345 2751 559 2793 autonomis,
585 2758 686 2793 quam
715 2758 800 2791 erga
829 2749 979 2791 priscam
1004 2752 1242 2784 auctoritatem
1269 2750 1353 2791 fide,
1380 2758 1450 2783 non
1475 2750 1602 2790 dubito,
1629 2750 1709 2791 quin

0 2796 127 2855 ‚⁴,lioc
153 2823 238 2856 opus
268 2815 380 2850 Florae
408 2816 551 2856 Europse
580 2817 741 2851 studiosis
756 2825 836 2851 sese
853 2816 1118 2855 commendabit,
1143 2825 1249 2857 quare
1276 2816 1583 2857 prantaxiieli‚qitod
1610 2825 1628 2849 a
1656 2825 1707 2849 mc

2 2889 48 2917 ,J

0 2938 52 2965 ,ζῢ
