1872 3141
287 68 335 103 ⁴6

362 190 402 194 „A
427 181 509 204 aus
525 173 691 209 tralis.
731 172 851 204 culinis
879 174 966 214 (iix)
992 174 1185 214 digitalibus
1211 174 1335 205 eximie
1361 174 1560 215 caespitosis,
1586 175 1711 206 strictis
1737 174 1809 206 basi

428 216 628 248 densissime
652 215 784 258 foliatis,
809 216 892 249 soliis
918 218 1032 258 rigidis
1049 217 1425 259 subglaucesceutibus,
1451 217 1608 259 panicula
1621 217 1811 250 condensa-

428 262 462 292 ta
484 260 610 300 saepius
635 260 756 292 minori
780 261 867 293 ovali
893 270 922 293 ν.
947 261 1105 302 oblonga,
1131 261 1269 302 spiculis
1295 260 1451 293 ovalibus
1475 261 1617 303 pulchre
1641 261 1812 294 violaceo-

437 304 744 346 viridi-variegatis,
770 305 893 346 glumis
918 305 1136 346 longioribus.
1161 322 1203 327 —
1228 304 1325 337 Locis
1350 306 1452 338 aridis
1477 300 1797 338 meridionalihusO

430 348 563 390 landun,
592 347 775 389 Blekingiae
801 352 834 381 et
859 349 1107 390 Vestrogotliiac
1131 348 1371 390 (Messeberg).

450 412 558 455 Syn.
605 415 642 445 P.
667 415 786 457 alpina
810 416 845 452 Os
872 415 999 446 collina
1023 414 1142 456 (Host)
1168 413 1282 454 Vng.
1307 424 1400 456 carp.
1429 426 1456 456 p.
1482 416 1534 446 21.
1593 412 1635 446 N.
1661 414 1705 448 A.
1731 412 1813 458 Ups.

495 456 588 489 VIII.
615 470 646 501 p.
671 458 855 490 211—213.
916 459 952 489 P.
978 458 1139 490 badensis
1164 457 1299 491 Willd.
1325 469 1371 500 sp.
1398 456 1421 489 l.
1447 469 1477 501 p.
1502 458 1577 491 392.
1625 457 1746 492 Reich.
1774 457 1818 491 D.

495 501 545 533 Fl.
572 502 595 533 f.
621 501 784 533 390-91-
834 503 870 533 P.
897 501 1088 544 Iar-ezq'folia
1115 501 1248 535 Wallr.
1273 499 1400 534 Sched.
1428 514 1458 544 p.
1483 502 1534 536 30.

320 570 370 601 Μ.
419 567 453 599 P.
478 573 679 599 BULnoSA
705 566 755 606 (L.
779 575 830 607 sp.
857 567 948 608 402J:
974 567 1130 608 panicula
1155 567 1278 608 aequali
1304 570 1454 609 patente,
1481 569 1587 600 ramis
1610 567 1814 611 plerumque

228 623 370 665 geminis
395 620 539 661 scabris,
563 621 701 662 spiculis
726 620 932 662 (saepissime
956 620 1149 662 hulbiferis)
1176 623 1468 665 ovato-oblongis,
1494 622 1707 664 4——6-ssoris,
1732 623 1814 656 ssos—

231 679 314 711 culis
338 678 415 710 lana
439 677 533 708 arcte
557 676 719 708 connexis
745 676 792 716 (v.
817 676 960 716 liberis),
986 676 1084 717 palea
1110 675 1267 708 inferiore
1291 679 1390 710 acute
1415 678 1563 710 carinata
1583 678 1736 710 ceterum
1750 677 1815 711 ob-

229 732 433 766 soletissime
468 739 623 772 nervosa7
657 731 759 763 dorso
794 732 1015 772 margineque
1040 730 1262 772 pubescente,
1287 731 1375 764 soliis
1401 734 1543 774 anguste
1566 732 1753 766 linearibus
1777 742 1816 765 a-

229 788 365 827 cutatisg
396 786 506 827 ligulis
538 785 695 818 omnibus
721 785 887 826 elongatis
913 786 1030 826 acutis,
1057 786 1186 826 vaginis
1212 787 1395 828 culmoque
1421 787 1494 819 basi
1518 786 1713 820 bulbiformi
1737 787 1812 829 gla-

231 843 315 885 bris,
340 842 454 875 radice
478 840 616 873 fibrosa.
896 845 908 849 “

274 907 381 949 Syn.
419 908 518 939 Lz'mz.
556 907 648 938 saun.
674 920 722 940 su.
748 919 778 950 p.
805 906 879 946 557;
903 907 1007 950 ng.
1033 906 1084 945 (P.
1109 907 1227 948 alpina
1253 909 1269 924 ⁸*
1296 906 1468 948 vivipara)
1492 918 1538 938 su.
1566 918 1596 940 n.
1624 907 1697 948 107;
1722 909 1808 948 Ha,-

319 953 378 984 Fr.
403 968 447 974 —
471 951 597 983 Isunlh.
620 962 736 984 enum.
765 952 791 984 l.
818 963 847 993 p.
872 952 946 984 352.

276 996 367 1039 Fig.
405 996 522 1028 Reich.
551 995 591 1028 D.
619 997 640 1027 f.
667 996 688 1028 f.
713 996 847 1029 385-86.
873 995 957 1028 Tui).
986 1006 1017 1029 n.
1044 994 1085 1027 V.
1114 995 1133 1026 f.
1160 996 1209 1028 90.

275 1040 376 1074 Exs.
423 1039 464 1071 H.
489 1038 532 1072 N.
559 1038 599 1072 II.
624 1041 675 1073 77.

316 1105 422 1138 Hah.
445 1105 531 1137 locis
556 1105 657 1137 aridis
681 1105 900 1147 potissimum
926 1103 1087 1135 calc-areis
1111 1105 1240 1136 Sueciae
1265 1105 1420 1136 australis
1446 1107 1481 1136 ct
1504 1104 1628 1137 mediae
1653 1113 1671 1136 e
1691 1105 1815 1138 Scania

229 1150 272 1182 ad
296 1149 475 1189 Helinium,
502 1150 536 1180 et
559 1150 592 1180 in
615 1149 732 1180 insulis
758 1148 903 1180 Olundia
927 1149 961 1178 et
984 1147 1176 1180 Gotlandia.
1203 1148 1237 1179 [n
1263 1150 1399 1185 Dania,
1426 1150 1609 1192 Nor-vegia
1634 1150 1668 1181 et
1679 1151 1815 1183 Fennia

228 1194 454 1226 desideratur.
489 1211 530 1216 -—
558 1193 595 1224 In
621 1193 778 1225 omnibus
804 1193 903 1223 terris
928 1192 1091 1231 finitimis,
1124 1192 1260 1224 Estonia
1286 1194 1321 1224 ct
1343 1193 1479 1225 Lironia
1506 1194 1671 1234 exceptis,
1695 1193 1817 1226 obser-

228 1239 317 1280 vata,
342 1239 446 1270 etiam
471 1236 514 1270 ad
537 1237 750 1279 Petropolim
774 1239 807 1268 et
832 1237 863 1268 in
889 1235 1019 1276 Anglia.

318 1306 470 1336 Gramen
494 1303 570 1335 laete
596 1303 726 1341 virens,
752 1303 857 1335 dense
882 1303 1108 1345 caespitoeum,
1134 1309 1206 1344 post
1231 1302 1393 1336 antliesin
1419 1305 1490 1336 cito
1518 1313 1732 1337 marcescens
1755 1305 1817 1337 ssa-

232 1347 366 1386 vidum,
391 1347 507 1380 bulbis
532 1346 569 1385 (i.
596 1358 623 1379 e.
650 1348 807 1389 partibus
833 1347 937 1378 inser.
963 1348 1178 1386 culmorum)
1202 1346 1475 1389 persistentibus.

318 1413 437 1447 Radix
462 1411 666 1445 tenuissime
693 1413 831 1450 fibi-osa,
857 1411 989 1444 culmos
1014 1419 1049 1444 et
1076 1411 1240 1444 foliorum
1268 1412 1452 1444 fasciculos
1476 1413 1653 1457 caespitose
1676 1413 1818 1446 conser-

230 1463 282 1491 tos
317 1457 492 1491 emittens,
540 1458 656 1489 Culmz'
687 1456 851 1498 digitales
876 1468 904 1487 v.
932 1455 1081 1498 pedales,
1109 1467 1126 1487 e
1151 1455 1223 1488 basi
1251 1455 1351 1488 bulbi
1377 1457 1485 1488 instar
1510 1457 1697 1490 incrassato
1723 1457 1818 1498 vagi-

227 1501 353 1545 nisque
377 1500 536 1534 dilatatis
561 1501 750 1533 emarcidis
776 1499 898 1532 vestito
923 1499 1170 1533 subdeclinalo
1195 1500 1424 1543 geniculatim
1451 1499 1563 1533 stricti
1589 1500 1710 1544 glabri.
1748 1503 1817 1534 Fo-

231 1548 281 1578 lia
306 1545 364 1579 vix
390 1544 530 1578 unciam
558 1546 657 1586 longa
684 1545 885 1588 lineamque
910 1545 993 1581 luta,
1019 1543 1190 1582 carinam,
1219 1545 1374 1585 margine
1401 1548 1435 1575 et
1459 1546 1579 1576 subtus
1603 1545 1735 1583 scabra,
1760 1557 1815 1578 ra.

228 1590 357 1623 dicalia
383 1595 418 1622 et
452 1587 587 1621 sterilia
614 1587 825 1630 angustiora3
851 1589 981 1629 vaginae
1006 1587 1222 1620 internodiis
1248 1588 1427 1620 breviores
1451 1589 1735 1630 subcompressae,
1760 1601 1815 1622 su-

229 1635 382 1678 periores
408 1632 614 1675 longissimae
639 1637 779 1670 teretes3
804 1633 908 1674 ligula
935 1631 1065 1663 lineam
1092 1632 1273 1674 producta.
1320 1632 1490 1664 Panicula
1514 1631 1613 1674 apice
1626 1633 1818 1665 suhnutans

230 1683 376 1722 anguste
400 1678 553 1719 oblonga
580 1675 711 1719 pallide
737 1676 854 1708 virens
880 1688 908 1711 v.
935 1686 1196 1718 purpurascens;
1223 1676 1348 1716 glnmae
1371 1677 1584 1720 subaequales
1597 1677 1815 1713 acuminatae.

227 1733 378 1766 superne
415 1722 552 1759 scabrae,
586 1721 745 1763 superior
773 1718 931 1762 margine
955 1730 1089 1751 summo
1113 1720 1362 1758 subseri·ulata;
1387 1720 1484 1764 palea
1510 1725 1619 1754 exter.
1645 1725 1758 1760 acuta,
1782 1731 1817 1752 a·

230 1767 308 1810 pice
331 1765 475 1798 inflexo.

319 1809 494 1843 Flosculos
531 1809 610 1842 lana
646 1809 859 1841 cohaerentes
893 1806 930 1839 in
955 1805 1211 1849 speciminibus
1237 1806 1405 1850 viviparis
1428 1806 1687 1840 scandinavicis
1713 1820 1819 1841 num-

229 1865 334 1896 quam
359 1852 523 1893 vidimus;
548 1852 585 1884 in
611 1850 804 1884 Germania
831 1852 943 1884 rarius
969 1851 1084 1884 villosi
1110 1850 1352 1885 inveniuntur.
1378 1849 1502 1895 Qualis
1525 1851 1563 1884 in
1590 1850 1729 1895 Europa
1754 1863 1815 1884 au-

227 1898 329 1930 strali
366 1897 504 1934 crescit,
537 1895 681 1938 spiculis
716 1907 758 1928 sc.
798 1897 914 1939 typice
939 1893 1116 1933 floriferis,
1142 1894 1276 1928 flosculi
1302 1896 1375 1928 fere
1400 1906 1536 1939 semper
1563 1895 1641 1928 lana
1667 1896 1816 1930 connexi

229 1941 491 1974 describuntur.

318 2005 443 2039 Forma
484 2004 626 2049 spiculis
668 2006 736 2038 rite
778 2004 926 2038 evolutis
969 2004 1134 2037 floriferis
1172 2005 1295 2038 saltem
1333 2006 1425 2048 apud
1464 2017 1522 2037 nos
1560 2009 1597 2037 ut
1632 2003 1741 2038 etiam
1777 2005 1814 2037 in

230 2050 362 2090 Anglia
405 2048 538 2083 eximie
581 2060 670 2088 rara,
707 2061 771 2083 nec
808 2048 874 2082 nisi
912 2049 948 2080 in
983 2048 1184 2091 regionibus
1220 2047 1513 2082 meridionalibus
1549 2059 1664 2090 sparse
1700 2049 1816 2087 obvia3

227 2096 397 2137 vivipara
438 2098 553 2127 autem
600 2094 827 2137 frequentior.
886 2091 1195 2134 Wahlenberg
1229 2094 1252 2125 l.
1288 2104 1315 2127 c.
1353 2097 1471 2125 monet
1511 2093 1660 2125 sormam
1699 2093 1816 2126 mino-

227 2150 302 2172 rem
327 2139 365 2171 P.
390 2138 518 2182 alpinoe
541 2138 576 2170 in
603 2134 752 2170 Olandia
783 2139 820 2169 P.
846 2137 1018 2170 bulbosam
1045 2147 1113 2167 non
1141 2135 1336 2179 viviparam
1361 2137 1493 2173 sistere,
1517 2148 1593 2180 quae
1618 2137 1669 2169 ibi
1695 2137 1813 2171 radice

227 2183 372 2215 bulbosa
418 2187 525 2219 caret,
569 2192 633 2214 nec
668 2181 825 2214 radicem
863 2181 1042 2212 bulbosam
1080 2181 1155 2213 sine
1192 2182 1356 2223 panicula
1389 2181 1545 2224 vivipara
1584 2191 1724 2224 usquam
1761 2180 1815 2214 vi-

229 2227 276 2258 di.
331 2225 446 2258 Etiam
483 2226 548 2257 cel.
584 2223 629 2260 G.
669 2225 702 2256 F.
728 2225 793 2268 W.
828 2223 980 2268 Meyer
1017 2223 1097 2266 (cfr.
1133 2223 1210 2257 Clil.
1248 2225 1361 2258 Hann.
1397 2225 1474 2260 631,
1510 2223 1562 2256 Fi.
1599 2226 1707 2258 hann.
1742 2236 1815 2258 exc.

231 2282 263 2312 p.
287 2269 367 2312 650)
391 2271 427 2302 P.
452 2271 623 2302 bulbosam
648 2270 856 2303 varietatem
880 2270 919 2301 P.
943 2269 1072 2310 alpmae
1096 2280 1166 2301 esse
1181 2269 1375 2302 contendit.
1392 2266 1554 2311 —Qu‘od
1572 2273 1689 2302 vetant
1705 2280 1814 2313 quum

230 2315 451 2346 characteres
490 2320 562 2347 tum
596 2314 800 2347 distributio
827 2315 930 2355 longe
955 2313 1021 2343 alia
1047 2313 1290 2355 geographica.
1314 2314 1386 2345 Poa
1411 2314 1529 2356 alpina
1556 2311 1612 2345 vix
1640 2318 1736 2344 extra
1764 2313 1817 2345 al-

229 2368 286 2401 pes
311 2358 467 2399 vivipara
492 2358 658 2398 occurrit;
684 2360 720 2391 P.
744 2359 883 2391 humosa
909 2355 1063 2399 vivipara
1092 2356 1128 2388 in
1153 2355 1278 2389 Suecia
1307 2358 1421 2390 media
1448 2367 1604 2390 crescere
1628 2356 1756 2399 incipit
1780 2361 1815 2387 et

230 2400 389 2443 vivipara
426 2407 533 2434 restat
565 2413 624 2444 per
650 2401 879 2435 Germaniam
905 2401 1230 2443 septentrionalem
1255 2403 1326 2434 Poa
1351 2403 1471 2443 alpina
1497 2412 1564 2433 non
1591 2399 1750 2442 vivipara
1777 2401 1814 2432 in

228 2443 412 2485 Blekingia
438 2446 552 2477 adhuc
576 2447 731 2479 obvenit.
767 2445 1002 2478 Confer-entire
1027 2443 1146 2488 itaque
1172 2449 1252 2477 sunt
1279 2448 1310 2486 1)
1337 2448 1373 2478 P.
1399 2446 1519 2488 alpina
1544 2446 1709 2487 vz'vz'para
1733 2455 1812 2477 cum

229 2491 265 2522 P.
302 2489 440 2520 bulbosa
472 2490 640 2533 υιύίριινα
673 2496 707 2522 et
730 2493 763 2527 2)
790 2491 830 2525 P.
856 2490 978 2533 alpina
1005 2499 1083 2520 cum
1111 2491 1146 2522 P.
1172 2490 1308 2522 bulbosa
1336 2488 1499 2527 normali,
1527 2499 1590 2519 nec
1618 2487 1692 2521 vice
1720 2498 1813 2521 versa

234 2534 351 2565 sormae
377 2531 539 2575 viviparae
565 2534 599 2565 P.
626 2536 778 2567 bulbosae
803 2545 882 2566 cum
910 2533 945 2566 P.
970 2531 1088 2574 alpina
1114 2534 1275 2566 normali!

318 2598 391 2630 Poa
414 2597 550 2641 alpina:
576 2599 657 2632 folia
678 2600 746 2632 lata
773 2599 871 2642 apice
887 2603 1010 2631 rotun—
1126 2600 1162 2630 P.
1188 2599 1338 2630 bulbosa:
1372 2596 1456 2630 solia
1483 2602 1624 2640 angusta
1651 2603 1751 2630 acuta
1777 2608 1810 2630 e·

230 2643 311 2675 data
336 2645 537 2682 exerui-vata,
561 2642 726 2686 panicula
742 2642 1012 2686 ovali-pyrami—
1040 2648 1146 2682 recta;
1183 2642 1344 2684 panicula
1381 2642 1576 2675 lanceolata
1614 2642 1713 2685 apice
1746 2652 1813 2674 nu-

231 2685 330 2723 dalis,
364 2684 505 2729 spiculae
541 2698 558 2719 e
593 2688 663 2719 basi
701 2687 866 2720 latissima
903 2693 1012 2720 ovatae
1038 2692 1124 2724 tans,
1148 2686 1286 2730 spiculae
1314 2684 1672 2728 ovato-triangulares
1686 2686 1746 2718 sub
1761 2695 1813 2717 se-

231 2728 557 2773 subquinquefloioe,
584 2731 717 2764 flosculi
742 2731 813 2763 fere
840 2732 1009 2765 lii›e1·i.-
1038 2730 1235 2774 ptemllorae,
1274 2730 1410 2762 flosculi
1436 2731 1509 2763 fere
1538 2736 1573 2762 ut
1600 2729 1636 2761 in
1664 2730 1697 2761 P.
1714 2740 1811 2763 com-
