1872 3141
222 137 235 169 1
239 136 262 167 V

178 224 252 264 nia;
280 221 355 255 aliae
378 219 499 261 trusus,
524 226 567 253 ex
591 217 714 261 quibus
741 216 842 252 unica
866 215 967 251 modo
991 215 1126 258 species
1148 216 1182 250 in
1220 217 1398 251 Germania
1426 217 1527 258 tecta,
1554 217 1646 260 apud
1671 224 1734 252 nos
1764 218 1799 252 in

180 290 298 331 piures
323 286 513 319 solvuntur.
540 284 695 326 Quaedam
708 284 859 327 species,
887 284 922 318 in
936 281 1127 318 Germania
1150 285 1281 318 tantum
1310 283 1440 325 alpinae,
1456 282 1547 324 apud
1571 291 1635 317 nos
1660 291 1723 326 per
1750 286 1801 317 to-

176 360 246 389 tam
272 355 345 388 sere
368 352 546 393 regionem
570 351 714 392 vulgatae
749 353 841 391 sunt,
863 358 892 385 v.
918 358 948 384 c.
972 348 1007 383 C.
1031 349 1244 394 capularis,
1267 350 1302 384 C.
1327 351 1493 394 irrigua,
1506 348 1544 383 C.
1570 350 1800 395 spat-sillem,

179 422 216 457 C.
241 421 398 454 loliacea
422 426 452 452 e.
480 427 508 453 s.
532 427 562 459 p.
609 418 661 452 13ae
689 425 772 452 vero
806 417 939 453 arcticon
964 415 1073 450 Florae
1096 420 1220 452 nostrae
1244 417 1393 461 species,
1425 425 1498 459 qua:
1522 419 1556 452 in
1584 416 1800 451 Germaniam

179 495 250 522 non
277 486 470 526 transeunt,
497 491 574 518 cum
599 483 738 525 reliquis
765 484 863 517 terris
888 483 1022 518 arcticis
1055 490 1255 518 communes
1280 486 1378 527 suut3
1409 483 1521 517 muitae
1558 490 1640 516 vero
1668 490 1712 516 ex
1735 481 1802 522 his,

179 553 349 595 praecipue
375 551 473 592 juxta
498 550 601 584 maris
626 550 752 591 littora,
777 549 811 583 in
837 549 1078 584 meridionaies
1103 553 1240 584 nostras
1256 550 1450 592 provincias
1479 550 1704 584 descendunt.
1729 549 1804 583 Dis-

178 619 318 654 tributio
344 618 538 659 specierum
562 617 652 651 intra
665 616 926 651 scandinaviam
951 624 994 650 ex
1008 624 1112 658 opere
1127 617 1280 651 Auctoris
1306 616 1407 651 saciie
1422 618 1574 651 ceterum
1588 616 1803 659 perspicitur.

274 708 336 742 His
361 707 474 742 obiter
498 705 681 747 praemissis
705 706 784 741 libri
806 703 956 740 inchoati
969 706 1149 742 Auctorem
1171 708 1349 748 semetque
1363 704 1475 746 ipsum
1498 703 1696 739 Lectoribus
1711 711 1804 739 com-

181 774 329 809 mendat

890 907 899 911 -
1335 882 1403 923 E.
1435 881 1630 924 Fries-

291 961 419 996 Dabam
443 960 591 1002 Upsalioe
617 960 648 993 d.
678 960 716 994 15
742 957 811 993 Oct
837 958 932 994 1849.
