1872 3141
204 146 254 183 54

147 242 257 274 variet
282 243 314 272 et
340 239 469 272 formis
484 239 677 273 numerosis
691 243 725 272 ct
741 240 913 273 intricatis
929 240 1129 273 inconstans
1145 239 1315 273 videatur.
1342 238 1413 283 Qui
1432 241 1536 283 legem
1554 240 1783 283 hybridilulis

147 283 334 327 jucundam
362 288 396 315 et
420 285 643 315 commodam
670 290 790 318 amant
822 286 874 317 vel
903 286 938 317 in
973 285 1146 327 speciebus
1174 286 1274 317 novis
1298 296 1400 327 quam
1427 285 1590 326 plurimis
1615 297 1656 317 cx
1683 286 1785 319 diffe-

146 329 269 361 rentiis
293 327 638 370 (''charact.cribus”)
663 330 858 372 perexiguis
882 329 1118 371 proponendis
1138 339 1311 361 summam
1337 336 1519 370 capessunt
1546 330 1718 372 laetitiam,
1745 331 1785 364 iis

145 383 285 414 campus
298 371 516 404 vastissimus
532 371 587 404 hic
601 378 706 414 patet.
733 373 845 407 Credo
860 380 976 406 tamen
992 373 1167 405 neminem
1187 373 1221 405 in
1240 372 1303 404 liae
1329 373 1551 416 varietatum,
1573 373 1782 407 affinitatum

145 421 180 448 ct
204 416 401 449 formarum
429 416 530 448 turba
557 416 694 450 infinita
719 417 878 450 ordinem
906 417 1057 459 redigere
1082 428 1188 459 posse,
1215 417 1283 449 nisi
1323 417 1398 459 qui,
1423 418 1560 459 plantas
1600 418 1684 451 locis
1715 419 1785 450 suis

144 460 321 493 natalibus
347 459 468 491 sedulo
507 467 736 503 perscrutans,
770 465 803 494 et
837 461 936 493 omni
970 461 1139 494 sententia
1174 460 1397 504 praejudicata
1432 461 1578 504 solutus,
1621 465 1786 495 naturam

143 504 244 548 sequi
266 504 335 537 sibi
359 505 575 546 propositum
600 505 714 539 habet.

255 568 306 624 η)
336 570 664 613 Βὶοθῑθνθὸ
701 584 764 617 Fr.
790 583 951 628 Squamae
976 582 1281 624 simplicincrves,
1317 584 1476 621 muticae,
1501 583 1661 625 fructus
1695 583 1786 616 oble-

141 644 278 680 gentes.
324 635 447 670 Culmi
467 637 600 678 soept'us
634 637 801 675 curvati,
839 638 995 681 vaginis
1018 637 1178 670 omnibus
1195 635 1388 681 soliiJeris
1419 637 1647 685 efibrillosis.
1679 639 1786 673 Folia

138 691 390 731 planiuscula.
440 691 603 724 Bracteoe
629 687 829 732 soliaceoe,
857 693 1063 735 elongatoe,
1107 692 1187 724 imae
1231 694 1462 737 vaginantes.
1511 693 1627 735 Spicoe
1668 705 1785 726 omnes

129 740 319 786 femineae,
342 746 533 778 terminali
557 744 796 791 androgyno.
845 746 972 780 Radix
996 745 1227 789 stolomsera.
1259 765 1302 770 —
1325 747 1467 780 Arcticae
1493 755 1523 780 v.
1552 747 1690 788 alpillae.

250 813 315 849 65.
372 812 416 850 C.
445 812 666 850 discolor
692 823 781 863 (Nyl.
808 823 916 864 spicil.
945 823 975 857 ss.
1002 823 1095 857 fenn.
1120 824 1171 857 ΙΙΙ.
1197 831 1228 864 p.
1257 822 1335 862 12):
1373 823 1476 863 spicis
1502 823 1693 865 subquinis,
1719 826 1786 858 ter-

142 875 259 908 minali
284 876 499 917 androgyna,
526 877 649 910 ceteris
665 877 754 920 fem,
781 877 1097 919 lineari-oblongis,
1123 878 1326 919 pedunculis
1359 878 1506 911 exsertis
1539 879 1682 919 erectis3
1708 879 1785 912 bra-

141 930 227 963 cteis
253 930 421 972 foliaceis,
446 930 600 964 siccitate
624 934 779 975 margine
811 934 995 975 revolutis,
1022 934 1170 967 culmum
1201 932 1512 973 subacutanguluin
1549 933 1788 975 aequantibus;

140 985 310 1019 fructibus
356 986 651 1028 ovato-oblongis,
691 989 897 1031 enervibus,
933 990 1267 1030 compressiusculis,
1304 995 1447 1030 squama
1483 990 1619 1022 actitata
1655 988 1786 1030 saepius

140 1041 321 1082 cuspidata
346 1042 552 1076 obvolvente
581 1043 808 1083 brevioribus3
838 1044 928 1077 foliis
954 1045 1076 1086 planis.

183 1105 285 1149 Syn.
312 1108 413 1152 Nyl.
441 1108 464 1144 l.
488 1119 515 1141 e.
565 1109 604 1142 C.
630 1109 778 1151 epigejos
803 1112 864 1143 Fr.
898 1108 971 1142 Bot.
999 1109 1083 1143 Not.
1112 1108 1197 1141 1843
1225 1120 1256 1152 p.
1285 1110 1359 1148 105,
1386 1109 1470 1144 1845
1485 1119 1517 1151 p.
1536 1110 1598 1143 120
1623 1108 1684 1151 (ad
1697 1119 1784 1152 spec.

315 1152 422 1194 Nyl),
449 1153 484 1186 S.
513 1152 557 1187 V.
583 1153 710 1188 Scand.
736 1165 765 1196 p.
792 1155 855 1188 233
880 1158 932 1195 (at
955 1164 1028 1185 non
1053 1152 1184 1193 Laest.).

188 1194 278 1237 Εἰς.
317 1196 403 1229 Tan.
431 1207 464 1230 n.
491 1194 534 1229 11.
563 1197 585 1230 f.
611 1198 663 1230 38.

182 1237 357 1274 Exsicc.
382 1239 425 1274 H.
452 1239 499 1274 N.
526 1239 609 1272 Xll.
634 1240 689 1275 87.

181 1304 276 1339 Hab.
303 1305 368 1339 ”ad
393 1306 471 1339 litus
498 1307 658 1340 territorii
695 1306 874 1340 Kolaensis
900 1307 975 1342 bor.
1001 1306 1169 1340 orientale
1199 1306 1298 1347 juxta
1322 1305 1480 1347 Jokonga
1505 1309 1541 1340 et
1566 1313 1673 1348 prope
1697 1306 1784 1342 Kan-

138 1348 240 1383 (talax
263 1349 515 1392 (Zoolenskaja
540 1351 649 1392 gulia)
675 1351 800 1385 lecta.”
847 1352 948 1396 Nyl.
1764 1375 1765 1378 =

241 1413 503 1457 Speciminibus
530 1419 670 1448 tantum
697 1416 877 1450 exsiccatis
901 1428 919 1449 a
946 1427 1000 1450 me
1025 1416 1121 1458 visis,
1148 1415 1418 1457 descriptionem
1454 1417 1638 1459 optimam,
1674 1427 1781 1460 quam

135 1459 337 1492 construxit
361 1459 422 1493 cel.
449 1459 573 1500 speciei
599 1458 780 1501 Inventor,
823 1460 882 1493 bic
918 1461 1179 1494 transscribam.
1230 1459 1356 1492 Planta
1394 1460 1430 1493 in
1457 1461 1539 1492 vivo
1575 1460 1696 1502 glauca
1721 1471 1782 1492 ex-

134 1503 321 1536 siccatione
345 1503 518 1536 rufeseens
543 1514 562 1535 a
587 1503 796 1546 semipedale
820 1504 864 1536 ad
889 1504 1044 1547 pedalem
1070 1503 1301 1538 altitudinem
1325 1505 1479 1542 varians,
1503 1505 1656 1537 stolones
1680 1516 1782 1548 squa-

133 1547 204 1580 mis
228 1548 397 1590 argenteis
421 1548 551 1580 obsitos
576 1549 614 1581 in
643 1549 729 1580 limo
765 1548 940 1590 profunde
969 1550 1132 1582 emittens
1170 1553 1337 1590 repentes.
1386 1549 1500 1582 Radix
1535 1549 1781 1591 multiculmis,

132 1590 272 1624 fibrosa.
319 1590 469 1625 Culmus
493 1594 663 1635 trigonus,
689 1594 827 1635 angulis
854 1593 932 1635 plus
961 1594 1077 1625 minus
1103 1594 1225 1634 acutis,
1254 1593 1369 1625 rarius
1394 1604 1540 1637 superne
1565 1593 1781 1626 scabriuscu-

132 1635 192 1676 lis,
216 1634 292 1667 basi
317 1636 452 1678 vaginis
467 1637 585 1678 paucis
606 1637 890 1678 fuscescentibus,
915 1638 1101 1670 emarcidis
1127 1637 1274 1671 cinctus.
1328 1637 1425 1669 Folia
1451 1637 1544 1670 haud
1558 1637 1685 1679 rigida,
1710 1641 1780 1670 sto-

131 1677 258 1711 lonum
283 1679 457 1718 involuta,
481 1680 618 1713 culmea
643 1682 756 1723 plana,
783 1681 938 1724 margine
964 1681 1202 1723 sobre-voluta,
1238 1680 1404 1715 radicalia
1433 1682 1634 1724 augustiora
1659 1681 1780 1714 subin-

131 1722 255 1756 voluta
281 1734 313 1756 v.
339 1724 566 1766 complicata;
592 1725 811 1758 bracteantia
835 1736 967 1767 semper
992 1725 1110 1767 plana,
1135 1736 1242 1768 marg.
1282 1726 1440 1759 revoluta
1463 1732 1497 1758 et
1531 1725 1780 1768 scabriuscula‚

131 1769 265 1809 spicam
290 1780 464 1801 summam
492 1769 553 1801 vix
578 1775 751 1811 superant.
801 1769 1000 1802 l’cdunculi
1025 1771 1130 1811 spicis
1167 1770 1394 1812 longitudine
1429 1769 1587 1813 mquales,
1622 1776 1778 1812 exsertae,

130 1811 244 1845 laeves.
291 1811 403 1855 Spicae
426 1812 620 1856 suqunae,
649 1813 965 1856 lineari-oblongae,
995 1813 1147 1847 mascula
1172 1814 1273 1847 unica
1300 1815 1496 1846 terminalis
1522 1824 1607 1855 saepe
1632 1813 1778 1847 floribus

131 1854 197 1887 bus
228 1855 348 1890 femin.
383 1856 618 1897 inter-mixta,
654 1860 769 1891 rarius
795 1862 868 1889 tota
906 1857 1042 1892 semine,
1092 1858 1255 1900 Squamae
1290 1858 1404 1900 suseae,
1439 1858 1777 1900 ovato-lanceolatae‚

130 1903 251 1939 acutae,
277 1906 371 1934 costa
408 1901 477 1932 lata
510 1901 641 1942 pallida
678 1902 715 1933 in
751 1901 932 1943 cuspidem
967 1902 1087 1934 laevem
1124 1912 1209 1943 saepe
1245 1902 1424 1943 producta,
1474 1903 1621 1935 Fructus
1654 1907 1777 1935 ovato-

130 1943 286 1988 oblongi‚
311 1953 463 1986 enerves,
489 1955 548 1976 ore
573 1945 723 1988 integro,
749 1945 1069 1987 compressiuseuli,
1094 1956 1236 1988 squama
1261 1947 1437 1979 breviores
1461 1950 1494 1978 et
1520 1946 1779 1989 angustiores.”

222 2008 298 2042 Obs.
338 2010 368 2041 1.
417 2009 577 2044 ”Car-icis
613 2011 880 2055 subspathaceae
918 2012 1064 2045 formam
1111 2013 1237 2053 optime
1281 2014 1451 2046 evolutam
1497 2014 1604 2046 refert
1639 2013 1775 2054 speeies

130 2054 250 2085 nostra
276 2057 310 2086 et
334 2053 444 2087 eidem
472 2056 590 2089 forsan
617 2056 873 2097 subjungenda,
900 2056 964 2089 nisi
997 2057 1174 2090 obstarent
1203 2060 1296 2090 notae
1332 2058 1509 2098 graviores
1536 2065 1579 2090 ex
1616 2057 1773 2091 bractea-

129 2104 206 2129 ruiu
231 2099 266 2130 et
289 2105 509 2139 squamarum
534 2100 649 2132 indole
675 2101 854 2140 desumtae‚
881 2108 944 2133 nee
958 2108 1100 2141 prorsus
1117 2101 1345 2141 negligendus
1372 2102 1470 2137 color
1494 2103 1528 2135 in
1550 2101 1625 2134 vivo
1651 2102 1774 2135 eximie

131 2141 290 2182 glaucus,
314 2142 469 2176 siccitate
494 2144 687 2186 inulabilis3
723 2152 788 2177 nec
823 2144 926 2185 longe
952 2145 1055 2178 distat
1088 2145 1123 2180 C.
1147 2145 1316 2184 reducta,
1354 2155 1431 2189 quae
1469 2150 1583 2180 tamen
1619 2147 1774 2186 margine

128 2185 263 2218 fructus
289 2186 494 2219 subnervosi
521 2188 691 2228 hispidulo
716 2188 872 2228 insignis,
899 2189 1087 2222 attentione
1117 2190 1208 2222 omni
1243 2191 1347 2231 digna
1383 2191 1530 2231 videtur,
1568 2191 1774 2232 vinculoque

130 2229 322 2262 arctissimo
349 2238 426 2263 cum
451 2231 487 2264 C.
512 2231 706 2273 halophila
730 2232 874 2273 aliisque
910 2233 1028 2266 salinis
1054 2234 1099 2267 ita
1134 2234 1297 2274 cohaeret,
1341 2238 1376 2268 ut
1403 2241 1469 2269 una
1495 2236 1615 2268 exlusa
1653 2242 1772 2268 omnes

129 2273 231 2306 facile
257 2275 462 2308 contrahere
489 2277 725 2309 necessarium
750 2277 915 2310 videatur.
963 2278 1092 2311 Primus
1121 2277 1192 2318 jam
1218 2279 1319 2319 hujus
1346 2281 1472 2320 plantae
1499 2279 1586 2311 vivae
1621 2278 1775 2321 oblutus,

129 2317 222 2358 mibi,
248 2318 284 2349 C.
308 2319 622 2361 subspathaceam,
647 2329 748 2362 quam
773 2322 879 2354 refert
903 2322 977 2354 fere
1004 2325 1039 2355 ut
1062 2323 1095 2356 C.
1122 2324 1252 2366 stygia
1278 2323 1314 2356 C.
1339 2325 1568 2370 νανιζβοναηι,
1593 2325 1673 2356 tunc
1688 2331 1771 2365 quo-

131 2361 212 2396 tidie
236 2362 407 2405 lustranti,
434 2364 644 2404 singularem
671 2365 819 2406 praebuit
843 2366 1029 2406 speciem.”
1081 2369 1172 2411 Nyl.
1200 2369 1220 2400 l.
1247 2376 1274 2400 c.

214 2428 294 2462 Obs.
322 2429 350 2461 2.
399 2430 569 2463 Svadente
605 2431 748 2464 FNesio
784 2432 859 2472 ipso
885 2434 1142 2473 postposuimus
1175 2433 1345 2474 antiquius
1372 2433 1407 2465 C.
1433 2433 1597 2478 epigejos
1631 2441 1771 2475 nomen,

131 2478 210 2505 cum
234 2472 270 2505 C.
296 2475 471 2517 aquatilis
496 2487 531 2509 v.
558 2476 724 2520 epigejos
749 2477 868 2516 Loest.‚
896 2485 914 2509 e
940 2486 1006 2518 qua
1030 2481 1192 2517 sumtum,
1218 2478 1252 2510 in
1281 2477 1398 2510 formis
1427 2479 1526 2510 variis
1553 2481 1586 2510 et
1608 2479 1711 2518 vulgo
1736 2478 1771 2511 in

132 2515 171 2548 C.
196 2520 374 2561 aquatilis
401 2519 610 2552 tenuioribus
646 2520 700 2561 (C.
729 2521 885 2553 borealis
916 2520 1039 2561 Lang.)
1071 2522 1245 2563 quaeritur.
1294 2521 1340 2554 Ab
1380 2522 1462 2561 bac,
1490 2530 1590 2563 quain
1626 2523 1773 2555 formam

135 2559 172 2594 C.
208 2562 386 2605 aquatilis
424 2563 609 2602 alpestrem
647 2564 776 2604 babeo,
813 2565 962 2604 genuina
998 2566 1032 2599 C.
1077 2566 1244 2612 epigejos
1279 2567 1329 2599 Fr.
1375 2566 1606 2598 diversissima
1649 2569 1701 2599 est
1739 2568 1772 2599 et

139 2605 282 2644 spiculis
307 2614 387 2639 vere
413 2608 622 2647 androgynis
647 2608 689 2640 ad
716 2609 857 2648 stirpem
882 2610 917 2641 C.
944 2610 1110 2643 bicolor-is
1144 2610 1282 2643 omnino
1317 2610 1512 2651 reserenda,
1552 2613 1586 2643 ut
1612 2610 1680 2645 Cel.
1706 2610 1771 2651 Ny—

137 2648 249 2682 landri
272 2658 400 2683 nomen
427 2654 461 2683 et
485 2652 618 2691 plenior
643 2653 826 2693 descriptio
852 2653 978 2694 optime
1003 2655 1164 2688 indicant.

249 2718 313 2755 66-
371 2718 415 2755 C·
444 2717 615 2771 rufina
652 2728 799 2770 (Dreyer
834 2730 913 2763 Rev.
951 2731 1024 2763 Car.
1059 2730 1131 2764 bor.
1165 2740 1196 2771 p.
1222 2730 1301 2770 28):
1326 2731 1428 2771 spicis
1453 2730 1652 2772 subquinis‚
1685 2738 1767 2763 con-

138 2779 236 2813 sertis
263 2781 422 2823 oblongis
447 2784 661 2826 ellipticisve,
699 2784 867 2818 terminali
899 2785 1112 2826 androgyna‚
1145 2784 1363 2819 inferioribus
1403 2785 1659 2827 pedunculatis3
1691 2785 1768 2818 bra-

139 2836 223 2869 cteis
238 2836 403 2878 soliaceiS,
431 2840 496 2874 ima
512 2839 779 2874 culinuininulto
793 2842 998 2881 supereum
1031 2840 1196 2875 fructibus
1213 2839 1368 2880 ellipticis
1395 2840 1548 2875 eboratis
1583 2840 1685 2873 breve
1711 2847 1764 2872 ro-
